% !TEX root = ./ns-eb.tex

@article{seidman-1983,
  author = {S. Seidman},
  title  = {{Network Structure and Minimum Degree}},
  journal = {Social Networks},
  volume  = {5},
  year = {1983},
  pages = {269--287},
}

@article{chkss-2007,
  author = {S. Carmi and S. Havlin and S. Kirkpatrick and 
            Y. Shavitt and E. Shir},
  title  = {{A Model of Internet Topology using $k$-Shell Decomposition}},
  journal = {Proceedings of the National Academy of Sciences (PNAS)},
  volume  = {104},
  number  = {27},
  year = {2007},
  pages = {1150--1154},
}

@inproceedings{richardson:kdd-2002,
  author = {M. Richardson and P. Domingos},
  title  = {{Mining Knowledge-Sharing Sites for Viral Marketing}},
  booktitle = {Proc. ACM Intl. Conf. on Data Mining and Knowledge Discovery
               (KDD~2002)},
  year = {2002},
  location = {Edmonton, Canada},
  pages = {61--70},
}

@inproceedings{domingos:kdd-2001,
  author = {P. Domingos and M. Richardson},
  title  = {{Mining the Network Value of Customers}},
  booktitle = {Proc. ACM Intl. Conf. on Data Mining and Knowledge Discovery
               (KDD~2001)},
  year = {2001},
  location = {San Francisco, CA},
  pages = {57--61},
}

@article{kghlmsm-2010,
  author = {M. Kitsak and L. Gallos and S. Havlin and F. Liljeros and
            L. Muchnik and H. Stanley and  H. Makse},
  title  = {{Identification of Influential Spreaders in Complex Networks}},
  year = {2010},
  journal = {Nature Physics},
  volume = {6}, 
  pages = {888--893}
}

@inproceedings{kempe:kdd-2003,
  author = {David Kempe and Jon Kleinberg and Eva Tardos},
  title  = {{Maximizing the Spread of Influence Through a Social Network}},
  booktitle = {(KDD~2003)},
  year = {2003},
  location = {Washington, DC},
  pages = {137--146},
}

@inproceedings{kkt-2005,
  author = {David Kempe and Jon Kleinberg and Eva Tardos},
  title  = {{Influential Nodes in a Diffusion Model for Social Networks}},
  booktitle = {Proc. Intl. Conf. on Automata, Languages and Programming
               (ICALP~2005)},
  year = {2005},
  location = {Lisbon, Portugal},
  pages = {1127--1138},
}

@incollection{kleinberg-2007,
  author = {J. Kleinberg},
  title  = {{Cascading Behavior in Networks: 
             Algorithmic and Economic Issues}},
  booktitle = {Algorithmic Game Theory},
  editor = {N. Nissan and T. Roughgarden and E. Tardos and
             V. Vazirani},
  publisher = {Cambridge University Press, New York, NY},
  year = {2007},
  chapter = {24},
  pages = {613--632},
}

@article{cem-2006,
  author = {D. Centola and V. Eguiluz and M. Macy},
  title  = {{Cascade Dynamics of Complex Propagation}},
  journal = {Physica A},
  volume  = {374},
  year = {2006},
  pages = {449--456},
}

@article{centola:ajs-2007,
  author = {D. Centola and M. Macy},
  title  = {Complex Contagions and the Weakness of Long Ties},
  journal = {Am. J. Soc.},
  volume  = {113},
  number = {3},
  year = {2007},
  pages = {702--734},
}


@article{dr-2009,
  author = {P. Dreyer and F. Roberts},
  title  = {{Irreversible $k$-Threshold Processes:  Graph-Theoretical
            Threshold Models of the Spread of Disease and Opinion}},
  journal = {Discrete Applied Mathematics},
  volume  = {157},
  year = {2009},
  pages = {1615--1627},
}

@article{acep-2009,
 author = {A. Arulselvan and C. W. Commander and L. Elefteriadou and
           P. M. Pardalos},
 title = {{Detecting Critical Nodes in Sparse Graphs}},
 journal = {Comput. Oper. Res.},
 volume = {36},
 number = {7},
 year = {2009},
 pages = {2193--2200},
}

@article{cwwlf-2008,
  author    = {D. Chakrabarti and
               Y. Wang and
               C. Wang and
               J. Leskovec and
               C. Faloutsos},
  title     = {{Epidemic Thresholds in Real Networks}},
  journal   = {ACM Trans. Inf. Syst. Secur.},
  volume    = {10},
  number    = {4},
  year      = {2008},
  pages     = {13-1 -- 13-26},
}

@incollection{ekmsw-2006,
  author    = {S. Eubank and
               V. S. Anil~Kumar and
               M. V. Marathe and 
               A. Srinivasan and 
               N. Wang}, 
  title     = {{Structure of Social Contact Networks and Their Impact 
                on Epidemics}},
  booktitle = {Discrete Methods in Epidemiology},
  editor    = {J. Abello and G. Cormode},
  series    = {DIMACS Series in Discrete Mathematics and 
               Theoretical Computer Science},
  publisher = {American Mathematical Society, Providence, RI},
  volumne   = {70},
  year      = {2006},
  pages     = {179--200},
}

@inproceedings{tbk-2007,
  author    = {C. Tantipathananandh and
               T. Y. Berger-Wolf and
               D. Kempe},
  title     = {{A Framework for Community Identification in Dynamic 
                Social Networks}},
  booktitle = {Proc. ACM Intl. Conf. on Data Mining and Knowledge Discovery
               (KDD~2007)},
  year      = {2007},
  location  = {San Jose, CA},
  pages     = {717--726},
}

\iffalse
%%%%%%%%%%%%%%%%%%%%%%%%%%%%%%%%%%%%%%%%%%%%%%%%%%

%% The following are repeated entries.

article{bhm+06,
  author    = {C. L. Barrett and
               H. B. Hunt III and
               M. V. Marathe and
               S. S. Ravi and
               D. J. Rosenkrantz and
               R. E. Stearns},
  title     = {{Complexity of Reachability Problems for Finite Discrete
               Dynamical Systems}},
  journal   = {J. Comput. Syst. Sci.},
  volume    = {72},
  number    = {8},
  year      = {2006},
  pages     = {1317--1345},
}

article{bhm+08,
  author    = {C. L. Barrett and
               H. B. Hunt III and
               M. V. Marathe and
               S. S. Ravi and
               D. J. Rosenkrantz and
               R. E. Stearns and
               M. Thakur},
  title     = {{Predecessor Existence Problems for Finite 
                Discrete Dynamical Systems}},
  journal   = {Theor. Comput. Sci.},
  volume    = {386},
  number    = {1-2},
  year      = {2007},
  pages     = {3--37},
}
%%%%%%%%%%%%%%%%%%%%%%%%%%%%%%%%%%%%%%%%%%%%%%%%%%
\fi

@misc{kkm+10,
  author    = {C. J. Kuhlman and
               V. S. Anil~Kumar and
               M. V. Marathe and
               S. S. Ravi and
               D. J. Rosenkrantz},
  title     = {{Computational Aspects of Ratcheted
                Discrete Dynamical Systems}},
  note      = {Under preparation, April 2010.},
}

@article{fkp-2001,
  author    = {U. Feige and G. Kortsarz and D. Peleg},
  title     = {{The Dense $k$-Subgraph Problem}},
  journal   = {Algorithmica},
  volume    = {29},
  number    = {3},
  year      = {2001},
  pages     = {410-421},
}

@book{gj-1979,
  author = {M. R. Garey and D. S. Johnson},
  title  = {Computers and Intractability: A Guide to the Theory of
             NP-completeness},
  year   = {1979},
  publisher = {W. H. Freeman and Co.},
  address   = {San Francisco, CA}
}

@book{durrett07,
  author = {R. Durrett},
  title = {Random Graph Dynamics},
  publisher = {Cambridge University Press},
  year = {2007}
}

@misc{bcc+2010,
  author    = {A. Bhaskara and
               M. Charikar and
               E. Chlamtac and
               U. Feige and
               A. Vijayaraghavan},
  title     = {{Detecting High Log-Densities -- An $O(n^{1/4})$ 
                Approximation for Densest $k$-Subgraph}},
  year      = {2010},
  note      = {To appear in Proc. ACM Symposium on Theory of 
               Computing (STOC~2010).}
}

@incollection{akm-2007,
   author = {E. Aarts and J. Korst and W. Michiels},
   title  = {{Simulated Annealing}},
   booktitle = {Handbook of Approximation Algorithms and Metaheuristics},
   editor = {T. F. Gonzalez},
   publisher = {Chapman \& Hall/CRC},
   year = {2007},
   pages = {25-1--25-11},
} 

@inproceedings{rad-2003,
  author    = {M. Richardson and R. Agrawal and P. Domingos},
  title     = {{Trust Management for the Semantic Web}},
  booktitle = {Proc. of the Second International Semantic Web Conference (ISWC~2003)},
  year      = {2003},
  location  = {},
  pages     = {351--368},
}

@misc{lldm-2008,
  author = {J. Leskovec and K. Lang and A. Dasgupta and M. Mahoney},
  title  = {{Community Structure in Large Networks: Natural Cluster Sizes and the Absence of Large Well-Defined Clusters}},
  year = {2008},
  note = {Appears as arXiv.org:0810.1355},
}


@inproceedings{lhk-2010,
  author    = {J. Leskovec and D. Huttenlocher and J. Kleinberg},
  title     = {{Predicting Positive and Negative Links in Online Social Networks}},
  booktitle = {Proc. of the 19th International World Wide Web Conference (WWW~2010)},
  year      = {2010},
  location  = {},
  pages     = {},
}


@article{borgatti-2006,
  author = {S. Borgatti},
  title  = {{Identifying sets of key players in a social network}},
  journal = {Comput Math Organiz Theor},
  volume  = {12},
  number  = {},
  year = {2006},
  pages = {21--34},
}


@inproceedings{sls-2006,
  author    = {M. Sheng and J. Li and Y. Shi},
  title     = {{Critical Nodes Detection in Mobile Ad Hoc Network}},
  booktitle = {Proc. of the 20th International Conference on Advanced Information Networking and Applications (AINA~06)},
  year      = {2006},
  location  = {},
  pages     = {},
}

@inproceedings{gc-2002,
  author    = {D. Goyal and J. Caffery, Jr.},
  title     = {{Partitioning Avoidance in Mobile Ad Hoc Networks Using Network Survivability Concepts}},
  booktitle = {Proc. of the 7th International Symposium on Computers and Communications (ISCC~02)},
  year      = {2002},
  location  = {},
  pages     = {},
}



@inproceedings{gruhl:www-2004,
  author    = {D. Gruhl and R. Guha and D. Liben-Nowell and A. Tomkins},
  title     = {Information Diffusion Through Blogspace},
  booktitle = {{Proceedings of the 13th International World Wide Web Conference (WWW)}},
  year      = {2004},
  location  = {New York, New York},
  pages     = {491--501},
}



@article{knrt-2004,
  author = {R. Kumar and J. Novak and P. Raghavan and A. Tomkins},
  title  = {{Structure and Evolution of Blogspace}},
  journal = {Communications of the ACM},
  volume  = {47},
  number  = {12},
  year = {2006},
  pages = {35--39},
}

@article{granovetter:ajs-1978,
  author = {M. Granovetter},
  title  = {Threshold Models of Collective Behavior},
  journal = {American Journal of Sociology},
  volume  = {83},
  number = {6},
  year = {1978},
  pages = {1420-1443},
}


@article{cf-2007,
  author = {N. Christakis and J. Fowler},
  title  = {{The Spread of Obesity in a Large Social Network Over 32 Years}},
  journal = {New England Journal of Medicine},
  volume  = {},
  number  = {},
  year = {2007},
  pages = {370--379},
}



@article{lkkpd-2009,
  author = {J. O'Loughlin and I. Karp and T. Koulis and G. Paradis and J. DiFranza},
  title  = {{Determinants of First Puff and Daily Cigarette Smoking in Adolescents}},
  journal = {American Journal of Epidemiology},
  volume  = {170},
  number  = {5},
  year = {2009},
  pages = {585--597},
}


@inproceedings{kkw-2008,
  author = {G. Kossinets and J. Kleinberg and D. Watts},
  title  = {The Structure of Information Pathways in a Social Communication Network},
  booktitle = {Proc. ACM Intl. Conf. on Data Mining and Knowledge Discovery
               (KDD~2008)},
  year = {2008},
  location = {Las Vegas, Nevada},
  pages = {},
}



@article{gmc-2009,
  author = {A. Galstyan and V. Musoyan and P. Cohen},
  title  = {Maximizing Influence Propagation in Networks With Community Structure},
  journal = {Physical Review E},
  volume  = {79},
  number  = {},
  year = {2009},
  pages = {056102-1--056102-7},
}


@article{dodds:jtb-2005,
  author = {P. Dodds and D. Watts},
  title  = {A Generalized Model of Social and Biological Contagion},
  journal = {Journal of Theoretical Biology},
  volume  = {232},
  number  = {4},
  year = {2005},
  pages = {587--604},
}



@article{leskovec:acm-2007,
  author = {J. Leskovec and L. Adamic and B. Huberman},
  title  = {The Dynamics of Viral Marketing},
  journal = {ACM Transactions on the Web},
  volume  = {1},
  number  = {1},
  year = {2007},
  pages = {},
}



@inproceedings{guha:www-2004,
  author    = {R. Guha and R. Kumar and P. Raghavan and A. Tomkins},
  title     = {Propagation of Trust and Distrust},
  booktitle = {Proc. of the 13th International World Wide Web Conference (WWW)},
  year      = {2004},
  location  = {New York, New York},
  pages     = {403--412},
}


@article{ziegler:isf-2005,
  author = {C. Ziegler and G. Lausen},
  title  = {Propagation Models for Trust and Distrust in Social Networks},
  journal = {Information Systems Frontiers},
  volume  = {7},
  number  = {},
  year = {2005},
  pages = {337--358},
}


@inproceedings{cmag-2008,
  author    = {M. Cha and A. Mislove and B. Adams and K. Gummadi},
  title     = {{Characterizing Social Cascades in Flickr}},
  booktitle = {Proc. of the First Workshop on Online Social Networks (WOSN~08)},
  year      = {2008},
  location  = {Seattle, Washington},
  pages     = {13--18},
}



@article{granovetter-1973,
  author = {M. Granovetter},
  title  = {{The Strength of Weak Ties}},
  journal = {American Journal of Sociology},
  volume  = {78},
  number = {6},
  year = {1973},
  pages = {1360-1380},
}

@misc{harris-2008,
  author    = {K. Harris},
  title     = {{The National Longitudinal Study of Adolescent Health (Add Health), Waves I and II,
1994-1996; Wave III, 2001-2002 [machine-readable data file and documentation]}},
  year      = {2008},
  note      = {Chapel Hill, NC: Carolina
Population Center, University of North Carolina at Chapel Hill 2008.}
}


@inproceedings{hybs-2008,
  author = {Habiba and Y. Yu and T. Berger-Wolf and J. Saia},
  title  = {{Finding Spread Blockers in Dynamic Networks}},
  booktitle = {The 2nd SNA-KDD Workshop '08 (SNA-KDD~2008)},
  year = {2008},
  location = {Las Vegas, Nevada}
}



@article{db-2002,
 author = {Z. Dezso and A. Barabasi},
 title = {{Halting Viruses In Scale-Free Networks}},
 journal = {Physical Review E},
 volume = {65},
 number = {},
 year = {2002},
 pages = {055103-1--055103-4},
}



@misc{kamrr-2010,
  author    = {C. J. Kuhlman and
               V. S. Anil~Kumar and
               M. V. Marathe and
               S. S. Ravi and
               D. J. Rosenkrantz},
  title     = {{Determining Critical Nodes To Halt Diffusion of Complex Contagions}},
  year      = {2010},
  note      = {NDSSL Technical Report No. 10-060.}
}


@inproceedings{lkgfvg-2007,
  author = {J. Leskovec and A. Krause and C. Guestrin and C. Faloutsos and J. VanBriesen and N. Glance},
  title  = {{Cost-Effective Outbreak Detection in Networks}},
  booktitle = {Proc. ACM Intl. Conf. on Data Mining and Knowledge Discovery
               (KDD~2007)},
  year = {2007},
  location = {San Jose, California},
  pages = {},
}


@inproceedings{tswy-2009,
  author = {Jie Tang and Jimeng Sun and Chi Wang and Zi Yang},
  title  = {{Social Influence Analysis in Large-Scale Networks}},
  booktitle = {Proc. ACM Intl. Conf. on Data Mining and Knowledge Discovery
               (KDD~2009)},
  year = {2009},
  location = {Paris, France},
  pages = {},
}


@book{me-2005,
   author = {M. Mitzenmacher and U. Eli},
   title= {Probability and Computing:  Randomized Algorithms and Probabilistic Analysis},
   publisher = {Cambridge University Press},
   year = 2005
}

@article{even-dar-2011,
author = {E. Even-Dar and A. Shapira},
title = {A note on maximizing the spread of influence in social networks},
journal ={Information Processing Letters}, 
pages = {184-187}, 
volume = {111}, 
year = {2011}
}

@article{yaoss-2011,
  author= {E. Yildiz and D. Acemoglou and A. Ozdaglar and A. Saberi and A. Scaglione},
  title = {Discrete Opinion Dynamics with Stubborn Agents},
  journal = {OPRE-2011-01-026},
  year   = {2011},
}

@inproceedings{baier:icalp06,
author = {G. Baier and T. Erlebach and A. Hall and E. Kohler and H. Schilling 
and M. Skutella},
title = {Length-Bounded Cuts and Flows},
booktitle = {ICALP},
year = {2006}
}


@inproceedings{ccckl-2011,
  author    = {Wei Chen and
               Alex Collins and
               Rachel Cummings and
               Te Ke and
               Zhenming Liu and
               David Rinc{\'o}n and
               Xiaorui Sun and
               Yajun Wang and
               Wei Wei and
               Yifei Yuan},
  title     = {{Influence Maximization in Social Networks When Negative
               Opinions May Emerge and Propagate}},
  booktitle = {SDM},
  year      = {2011},
  pages     = {379-390},
}

@inproceedings{bks-2007,
  author    = {Shishir Bharathi and
               David Kempe and
               Mahyar Salek},
  title     = {{Competitive Influence Maximization in Social Networks}},
  booktitle = {WINE},
  year      = {2007},
  pages     = {306-311},
}

@article{hl-1975, 
   author={R. Holley and Thomas Liggett}, 
   title={{Ergodic Theorems for Weakly Interacting Infinite Systems and the Voter Model}}, 
   volume={3},
   url={http://www.jstor.org/stable/2959329}, 
   number={4}, 
   journal={Annals of Probability}, 
   publisher={JSTOR}, 
   year={1975}, 
   pages={643--663}
}

@article{cs-1973,
  author = {P. Clifford and Aidan Sudbury},
  journal = {Biometrika},
  number = 3,
  pages = {581--588},
  title = {A Model for Spatial Conflict},
  volume = 60,
  year = 1973,
}

@inproceedings{acl00,
author    = {William Aiello and
Fan R. K. Chung and
Linyuan Lu},
title     = {A random graph model for massive graphs},
booktitle = {STOC},
year      = {2000},
pages     = {171-180},
}

@article{chung:sdm06,
author    = {Fan R. K. Chung and
Linyuan Lu},
title     = {The Volume of the Giant Component of a Random Graph with
Given Expected Degrees},
journal   = {SIAM J. Discrete Math.},
volume    = {20},
number    = {2},
year      = {2006},
pages     = {395-411},
}

@article{mpr-2007,
  author  = {M. Mobilia and A. Petersen and S. Redner},
  title   = {On the Role of Zealotry in the Voter Model},
  journal = {J. Statistical Mechanics: Theory and Experiment},
  volume  = {P08029},
  year    = {2007},
  pages   = {1--17},  
  notes   = {ArXiv ePrint: 0706.2892},
}

@article{mobilia-2003,
  author = {M. Mobilia},
  title   = {Does a Single Zealot Affect an Infinite Group of Voters?},
  journal = {Physical Review Letters},
  volume  = {91},
  number  = {2},
  year    = {2003},
  pages   = {028701-1--028701-4},  
}

@article{mg-2005,
  author = {M. Mobilia and I. T. Georgiev},
  title   = {Voting and Catalytic Processes with Inhomogeneities},
  journal = {Physical Reviews E},
  volume  = {71},
  year    = {2005},
  pages   = {046102-1--028701-17},  
}

@article{mobilia-2011,
  author    = {M. Mobilia},
  title     = {Fixation and Polarization in a Three-Species Opinion Dynamics
               Model},
  journal   = {CoRR},
  volume    = {abs/1104.5147},
  year      = {2011},
  pages     = {1--6},
  ee        = {http://arxiv.org/abs/1104.5147},
  bibsource = {DBLP, http://dblp.uni-trier.de}
}

@article{wh-2004,
    author = {F. Wu and B. A. Huberman},
    title = {Social Structure and Opinion Formation},
    journal = {Computational Economics 0407002, EconWPA},
    year = {2004},
}

@article{wh-2010,
    author = {F. Wu and B. A. Huberman},
    title = {Opinion Formation Under Costly Expression},
    journal = {ACM Trans. Intelligent Systems and Technology},
    volume  = {1},
    number  = {1},
    month   = {October},
    year = {2010},
    pages = {1--13},
}

@misc{cdebb-2007,
  author = {D. D. Chinellatto and M. A. M. de Aguiar and I. R. Epstein and
            D. Braha and Y. Bar-Yam},
  title  = {Dynamical Response of Networks Under External Perturbations:
            Exact Results},
  howpublished = {ArXiv: 0705.4607v2},
  year  = {2007},
  month = {November},
}

@article{ao-2011,
  author = {D. Acemoglu and A. Ozdaglar},
  title  = {Opinion Dynamics and Learning in Social Networks},
  journal = {Dynamic Games and Applications},
  volume = {1},
  month  = {March},
  year  = {2011}, 
  pages = {3--49},
}

@article{acf+2010,
  author    = {D. Acemoglu and
               G. Como and
               F. Fagnani and
               A. E. Ozdaglar},
  title     = {Opinion Fluctuations and Disagreement in Social Networks},
  journal   = {CoRR},
  volume    = {abs/1009.2653},
  year      = {2010},
  ee        = {http://arxiv.org/abs/1009.2653},
  bibsource = {DBLP, http://dblp.uni-trier.de}
}
  
@article{albert:nature-2000,
  author = {R. Albert and H. Jeong and A. Barabasi},
  title = {Error and Attack Tolerance of Complex Networks},
  journal = {Nature},
  year = {2000},
  volume = {406},
  pages = {378--381}
}

@inproceedings{conover11,
author = {M. Conover and  J. Ratkiewicz and  M. Francisco and  B Goncalves and  
A. Flammini and  F. Menczer},
title = {Political polarization on twitter},
booktitle = {Proc. of the Fifth International AAAI Conference onWeblogs and Social
Media}, 
year = {2011}
}

@BOOK{ek-2010,
title = {{Networks, Crowds and Markets: Reasoning About A Highly Connected
World}},
publisher = {Cambridge University Press},
year = {2010},
author = {D. Easley and J. Kleinberg},
address = {New York, NY}
}

@ARTICLE{newman-2003,
author = {M. Newman},
title = {{The Structure and Function of Complex Networks}},
journal = {SIAM Review},
year = {2003},
volume = {45},
pages = {167--256}
}


@MISC{leskovec-2011,
  author = {{J. Leskovec website}},
  year = {2011},
  note = {\texttt{http://cs.stanford.edu/people/jure/}.}
}

@Article{epstein:pnas-2002,
   author = {J. Epstein},
   title = {Modeling Civil Violence:  An Agent-Based Computational Approach},
   journal = {PNAS},
   volume = 99,
   pages = {7243--7250},
   year = 2002
}


@Article{siegel-2009,
   author = {D. Siegel},
   title = {Social Networks and Collective Action},
   journal = {American Journal of Political Science},
   volume = 53,
   pages = {122--138},
   year = 2009
}


@ARTICLE{glm-2001,
  author =      {Jacob Goldenberg and Barak Libai and Eitan Muller},
  title =   {Talk of the Network:  A Complex Systems Look 
              at the Underlying Process of Word of Mouth},
  journal =     {Marketing Letters},
  volume =      {12},
  pages =       {211-223},
  year =        {2001}
}  

@article{ckl-2010,
  author =      "H. Choi and S. Kim and J. Lee",
  title =       "Role of network structure and network effects in diffusion of innovations",
  journal =     "Industrial Marketing Management",
  volume =      "39",
  number =      "",
  pages =       "170-177",
  year =        "2010"
  } 

@Article{cfl-2009,
  title = {Statistical Physics of Social Dynamics},
  author = {C. Castellano and S. Fortunato  and V. Loreto},
  journal = {Rev. Mod. Phys.},
  volume = {81},
  number = {2},
  pages = {591--646},
  numpages = {55},
  year = {2009},
  publisher = {American Physical Society}
}


@misc{jeavers-2010,
  author = {E. Jeavers},
  title  = {Consumers, Voters Change their Minds Fast and Often},
  howpublished = {Politico},
  year  = {2010},
  note = {\texttt{http://www.politico.com/news/stories/0809/25767.html}.}
}

%http://www.icpsr.umich.edu/icpsrweb/SETUPS2008/voting.jsp
% slate   http://www.slate.com/articles/news_and_politics/victory_lab/2011/12/undecided_voters_in_iowa_there_are_12_different_kinds_.single.html


@BOOK{tr-2011,
  title = {Terrorist Use of the Internet:  Information Operations in Cyberspace},
  author = {C. Theohary and J. Rollins},
  publisher = {Congressional Research Services},
  year = {2011}
}


@ARTICLE{ajb-1999,
  author = {R. Albert and H. Jeong and A. Barabasi},
  title = {Diameter of the World-Wide Web},
  journal = {Nature},
  year = {1999},
  volume = {401},
  pages = {130--131}
}


@INPROCEEDINGS{kuhlman:pkdd-2010,
  author = {Chris J. Kuhlman and V. S. Anil Kumar and Madhav V. Marathe and S. S. Ravi and D. J. Rosenkrantz},
  title = {Finding Critical Nodes for Inhibiting Diffusion of Complex Contagions
	in Social Networks},
  booktitle = {Proceedings of the European Conference on Machine Learning and Principles and Practice of Knowledge Discovery in Databases (PKDD 2010)},
  year = {2010},
  pages = {111--127},
  location = {Barcelona, Spain}
}

@ARTICLE{centola-2009,
  author = {D. Centola},
  title = {{Failure in Complex Social Networks}},
  journal = {J. Math. Sociology},
  year = {2009},
  volume = {33},
  pages = {64--68}
}


@BOOK{schelling:book-1978,
  author = {T. Schelling},
  title = {Micromotives and Macrobehavior},
  publisher = {W. W. Norton and Company},
  year = {1978}
}



@ARTICLE{watts:pnas-2002,
  author = {D. Watts},
  title = {A Simple Model of Global Cascades on Random Networks},
  journal = {PNAS},
  year = {2002},
  volume = {99},
  pages = {5766--5771}
}




@ARTICLE{gj-2007,
  author = {Serge Galam and Frans Jacobs},
  title = {The role of inflexible minorities in the breaking of democratic opinion dynamics},
  journal = {Physica A},
  year = {2007},
  volume = {366},
  pages = {381--399}
}





@ARTICLE{galam-2011,
  author = {Serge Galam},
  title = {Collective beliefs versus individual inflexibility: The unavoidable biases
of a public debate},
  journal = {Physica A},
  year = {2011},
  volume = {390},
  pages = {3036--3054}
}


@ARTICLE{vr-2011,
  author = {D. Volovik and  S. Redner},
  title = {Dynamics of Confident Voting},
  journal = {arXiv:1111.3883v1 [physics.soc-ph]},
  year = {2011}
}

@INPROCEEDINGS{bbbh-2010,
  author = {Asmeret Bier and Michael Bernard and George Backus and Richard Hills},
  title = {Political Dynamics Determined by Interactions Between
Political Leaders and Voters},
  booktitle = {Proceedings of the 28th International Conference of the System Dynamics Society},
  year = {2010},
  date = {July},
  pages = {1--11},
  location = {Seoul, South Korea}
}


@ARTICLE{xskzls-2011,
  author = {J. Xie and S. Sreenivasan and G. Korniss and W. Zhang and C. Lim and B. K. Szymanski},
  title = {{Social consensus through the influence of committed minorities}},
  journal = {Physical Review E},
  year = {2011},
  volume = {84},
  pages = {011130-1--011130-8}
}


@ARTICLE{zlsxsk-2011,
  author = {W. Zhang and C. Lim and S. Sreenivasan and J. Xie and B. K. Szymanski and G. Korniss},
  title = {Social influencing and associated random walk models: Asymptotic
consensus times on the complete graph},
  journal = {Choas},
  year = {2011},
  volume = {21},
  pages = {025115-1--025115-10}
}

@ARTICLE{lkz-2009,
  author = {Q. Lu and G. Korniss and B. K. Szymanski},
  title = {The Naming Game in Social Networks: Community Formation and Consensus Engineering},
  journal = {Journal of Economic Interaction and Coordination},
  year = {2009},
  volume = {4},
  pages = {221--239}
}


@BOOK{kempe-2011,
  author = {David Kempe},
  title = {Structure and Dynamics of Information in Networks},
  publisher = {W. W. Norton and Company},
  year = {2011},
  note = {\texttt{http://www-bcf.usc.edu/~dkempe/teaching/structure-dynamics.pdf}.}
}


@BOOK{jackson-2008,
  author = {Matthew Jackson},
  title = {Social and Economic Networks},
  publisher = {Princeton University Press},
  year = {2008},
}


@inproceedings{budak:www-2011,
  author = {Ceren Budak and Divyakant Agrawal and Amr El Abbadi},
  title  = {Limiting the Spread of Misinformation in Social Networks},
  booktitle = {Proceedings of the 20th International Conference of World Wide Web Conference (WWW 2011)},
  year = {2011},
  location = {Hyderabad, India},
  pages = {},
}


@article{sr-2005,
  author = {V. Sood and S. Redner},
  title   = {{Voter Model on Heterogeneous Graphs}},
  journal = {Physical Reviews Letters},
  volume  = {94},
  year    = {2005},
  pages   = {178701-1--178701-4},  
}


@article{sar-2008,
  author = {V. Sood and and T. Antal and S. Redner},
  title   = {{Voter Model on Heterogeneous Networks}},
  journal = {Physical Reviews E},
  volume  = {77},
  year    = {2008},
  pages   = {041121-1--041121-13},  
}


@inproceedings{ypos-2010,
  author = {Mehmet E. Yildiz and Roberto Pagliari and Asuman Ozdaglar and Anna Scaglione},
  title  = {{Voting Models in Random Networks}},
  booktitle = {Proceedings of the Information Theory and Applications Workshop (ITA 2010)},
  year = {2010},
  location = {San Diego, CA},
  pages = {1--7},
}


@inproceedings{bfo-2010,
  author = {Allan Borodin and Yuval Filmus and Joel Oren},
  title  = {Threshold Models for Competitive Influence in Social Networks},
  booktitle = {Proceedings of the 6th international conference on Internet and network economics (WINE'10)},
  year = {2010},
  location = {Stanford, CA},
  pages = {1--15},
}

@inproceedings{hscj-2011,
  author = {Xinran He and Guojie Song and Wei Chen and Qingye Jiang},
  title  = {{Influence Blocking Maximization in Social Networks Under the Competitive Linear Threshold Model}},
  booktitle = {Technical Report},
  year = {2011},
  date = {21 October 2011},
  note = {Appears as arXiv:1110.4723v1}
}


@inproceedings{cwy-2009,
  author = {Wei Chen and Yajun Wang and Siyu Yang},
  title  = {Efficient Influence Maximization in Social Networks},
  booktitle = {Proc. ACM Intl. Conf. on Data Mining and Knowledge Discovery
               (KDD~2009)},
  year = {2009},
  location = {Paris, France},
  pages = {199--207},
}

@article{gj-2010,
  author = {Benjamin Golub and Matthew O. Jackson},
  title  = {{Using Selection Bias to Explain the Observed Structure of Internet Diffusions}},
  journal = {Proceedings of the National Academy of Sciences (PNAS)},
  volume  = {107},
  number  = {24},
  year = {2010},
  pages = {10833--10836},
}

@inproceedings{cnwv-2007,
  author = {T. Carnes and C. Nagarajan and S. M. Wild and A. van Zuyleng},
  title  = {{Maximizing influence in a competitive social network: a follower�s perspective}},
  booktitle = {Ninth International Conference on Electronic Commerce (ICEC �07)},
  year = {2007},
  location = {New York, NY},
  pages = {351--360},
}


@inproceedings{bss-2010,
  author = {M. Broecheler and P. Shakarian and V. Subrahmanian},
  title = {{A Scalable Framework for Modeling Competitive Diffusion in Social Networks}},
  booktitle = {ASE/IEEE International Conference on Social Computing (SocialComm 2010)},
  year = {2010}
}


@article{clmr-2004,
  author = {Paolo Crucitti and Vito Latora and Massimo Marchiori and Andrea Rapisarda},
  title  = {{Error and attack tolerance of complex networks}},
  journal = {Physica A},
  volume  = {340},
  year = {2004},
  pages = {388--394},
}

%%%%%%%%%%%%%%%%%%%%% new as of tuesday, 21 feb 2012.

@article{jld-2009,
    author = {Cong Jin and Jun Liu and Qinghua Deng},
    title = {Network Virus Propagation Model Based on Effects of Removing Time and User Vigilance},
    journal = {International Journal of Network Security},
    year = {2009},
    volume = {9},
    pages = {156--163}
}


@article{pv-2001,
    author = {Romualdo Pastor-Satorras and Alessandro Vespignani},
    title = {Epidemic Spreading in Scale-Free Networks},
    journal = {Physical Review Letters},
    year = {2001},
    volume = {86},
    pages = {3200--3203}
}

@article{zlfw-2009,
    author = {Hai-Feng Zhang and Ke-Zan Li and Xin-Chu Fu and Bing-Hong Wang},
    title = {An Efficient Control Strategy of Epidemic Spreading on Scale-Free Networks},
    journal = {Chinese Physical Review Letters},
    year = {2009},
    volume = {26},
    pages = {068901-1--068901-4}
}

@article{lnxuhch-2005,
    author = {Ira M. Longini Jr. and Azhar Nizam and Shufu Xu and Kumnuan Ungchusak and Wanna Hanshaoworakul and Derek A. T. Cummings and M. Elizabeth Halloran},
    title = {Containing Pandemic Influenza at the Source},
    journal = {Science},
    year = {2005},
    volume = {309},
    pages = {1083--1087}
}

@article{vespignani-2012,
    author = {Alessandro Vespignani},
    title = {Modelling dynamical processes in complex socio-technical systems},
    journal = {Nature Physics},
    year = {2012},
    volume = {8},
    pages = {32--39}
}


@article{cgem-2007,
    author = {Damon Centola, Juan Carlos Gonz�lez-Avella, V�ctor M. Egu�luz and Maxi San Miguel},
    title = {Homophily, Cultural Drift, and the Co-Evolution of Cultural Groups},
    journal = {Journal of Conflict Resolution},
    year = {2007},
    volume = {51},
    pages = {905--929}
}

@article{centola-2010,
    author = {Damon Centola},
    title = {The Spread of Behavior in an Online Social Network Experiment},
    journal = {Science},
    year = {2010},
    volume = {329},
    pages = {1194--1197}
}



@article{liu:nature-2011,
    author = {Yang-Yu Liu and Jean-Jacques Slotine and Albert-Laszlo Barabasi},
    title = {Controllability of complex networks},
    journal = {Nature},
    year = {2011},
    volume = {473},
    pages = {167--173}
}


@book{stearns-1974,
  title = {{1848: The Revolutionary Tide in Europe}},
  publisher = {W. W. Norton \& Company},
  year = {1974},
  author = {P. Stearns},
  address = {New York, NY}
}




@article{lkgwc-2008,
    author = {Kevin Lewis and Jason Kaufman and Marco Gonzalez and Andreas Wimmer and Nicholas Christakis},
    title = {Tastes, ties, and time: A new social network dataset using Facebook.com},
    journal = {Social Networks},
    year = {2008},
    volume = {30},
    pages = {330--342}
}




@incollection{huang-2011,
  author = {Carol Huang},
  title = {{Facebook and Twitter key to Arab Spring uprisings: report}},
  booktitle = {The National},
  year = {2011},
  date = {{6 June 2011}},
  howpublished = {The National online}
}
%http://www.thenational.ae/news/uae-news/facebook-and-twitter-key-to-arab-spring-uprisings-report


@incollection{as-2012,
  author = {Mahsa Alimardani and Semra Sevi},
  title = {{When the Internet is Blocked, So Is Change in Iran}},
  booktitle = {The Huffington Post},
  year = {2012},
  date = {{19 June 2011}},
  howpublished = {The Huffington Post online}
}
%http://www.huffingtonpost.ca/mahsa-alimardani/internet-censorship_b_1602971.html



@inproceedings{sp-2012,
  author = {Paulo Shakarian and Damon Paulo},
  title = {{Large Social Networks can be Targeted for Viral
Marketing with Small Seed Sets}},
  booktitle = {ArXiv:1205.4431v1},
  year = {2012}
}

@inproceedings{grlt-2011,
  author = {Armando Geller and Seyed M. Mussavi Rizi and Maciej M. Latek and
Cameron Thies},
  title = {{State Capacity and Conflict: Evidence from Afghanistan}},
  booktitle = {Computational Social Science Society of the Americas 2011 Annual Conference (CSSA 2011)},
  year = {2011}
}

@inproceedings{kb-2011,
  author = {William G. Kennedy and Jeffrey K. Bassett},
  title = {{Implementing a ``Fast and Frugal'' Cognitive Model within a Computational Social Simulation}},
  booktitle = {Computational Social Science Society of the Americas 2011 Annual Conference (CSSA 2011)},
  year = {2011}
}

@inproceedings{scc-2011,
  author = {Barbara Sonzogni and Federico Cecconi and Rosaria Conte},
  title = {{On the Interplay between Extortion and Punishment. An Agent Based Model of Camorra}},
  booktitle = {Computational Social Science Society of the Americas 2011 Annual Conference (CSSA 2011)},
  year = {2011}
}





@incollection{sc-2009,
  author = {Brad Stone and Noam Cohen},
  title = {{Social Networks Spread Defiance Online}},
  booktitle = {New York Times},
  year = {2009},
  date = {{15 June 2009}},
  howpublished = {The New York Times online}
}
%  note = { \url{http://www.nytimes.com/2009/06/16/world/middleeast/16media.html}.}




@article{kakvm-2006,
    author = {Jeffrey A. Kelly and Yuri A. Amirkhanian and Elena Kabakchieva and Sylvia Vassileva and Timothy L. McAuliffe and
Wayne J. DiFranceisco and Radostina Antonova and Elena Petrova and Boyan Vassilev and Roman A. Khoursine and Borislav Dimitrov},
    title = {Prevention of HIV and sexually transmitted diseases in
high risk social networks of young Roma (Gypsy) men in
Bulgaria:randomised controlled trial},
    journal = {BMJ},
    year = {2006},
    volume = {333},
    pages = {1098--1101}
}


@book{hatfield:book-1994,
  author = {E. Hatfield and J. T. Cacioppo and R. L. Rapson},
  title = {Emotional Contagion},
  publisher = {Cambridge University Press},
  year = {1994}
}


@inproceedings{cww-2010a,
  author = {Wei Chen and Chi Wang and Yajun Wang},
  title  = {{Scalable Influence Maximization for Prevalent Viral
Marketing in Large-Scale Social Networks}},
  booktitle = {Proc. ACM Intl. Conf. on Data Mining and Knowledge Discovery
               (KDD~2010)},
  year = {2010},
  location = {Washington, DC},
  pages = {1029--1038},
}


@techreport{cww-2010b,
  author = {Wei Chen and Chi Wang and Yajun Wang},
  title  = {{Scalable Influence Maximization for Prevalent Viral
Marketing in Large-Scale Social Networks}},
  year = {2010},
  institution = {Microsoft Research Technical Report MSR-TR-2010-2}
}



@article{ksnm-2010,
    author = {Masahiro Kimura and Kazumi Saito and Ryohei Nakano and Hiroshi Motoda},
    title = {Extracting influential nodes on a social network for information diffusion},
    journal = {Journal Data Mining and Knowledge Discovery},
    year = {2010},
    volume = {20},
    pages = {70--97}
}





@inproceedings{kysm-2008,
    author = {Masahiro Kimura and Kazumasa Yamakawa and Kazumi Saito and Hiroshi Motoda},
    title = {Community Analysis of Influential Nodes for Information Diffusion
on a Social Network},
    booktitle = {2008 International Joint Conference on Neural Networks (IJCNN 2008)},
    year = {2008},
    pages = {1358--1363}
}


@INPROCEEDINGS{ks-2006,
  author = {Masahiro Kimura and Kazumi Saito},
  title = {{Tractable Models for Information Diffusion in Social Networks}},
  booktitle = {Proceedings of the European Conference on Machine Learning and Principles and Practice of Knowledge Discovery in Databases (PKDD 2006)},
  year = {2006},
  pages = {259--271}
}

@INPROCEEDINGS{ks-2006b,
  author = {Masahiro Kimura and Kazumi Saito},
  title = {{Approximate Solutions for the Influence Maximization Problem in a Social Network}},
  booktitle = {Proceedings of the 10th International Conference on Knowledge-Based Intelligent Information and Engineering Systems (KES 2006)},
  year = {2006},
  pages = {937--944}
}


@article{skom-2012,
  author = {Kazumi Saito and Masahiro Kimura and Kouzou Ohara and Hiroshi Motoda},
  title = {{Efficient discovery of influential nodes for SIS models in social networks}},
  journal = {Knowledge and Information Systems},
  year = {2012},
  pages = {613--635},
  volume = {30}
}



@inproceedings{skm-2009,
 author = {Saito, Kazumi and Kimura, Masahiro and Motoda, Hiroshi},
 title = {Discovering Influential Nodes for SIS Models in Social Networks},
 booktitle = {Proceedings of the 12th International Conference on Discovery Science (DS 2009)},
 year = {2009},
 isbn = {978-3-642-04746-6},
 location = {Porto, Portugal},
 pages = {302--316},
 numpages = {15},
 url = {http://dx.doi.org/10.1007/978-3-642-04747-3_24},
 doi = {10.1007/978-3-642-04747-3_24},
 acmid = {1692173},
 publisher = {Springer-Verlag},
 address = {Berlin, Heidelberg},
} 





@INPROCEEDINGS{pan-2011,
  author = {R. Pan},
  title = {{Rebellion on Sugarscape:  Case Studies for Greed and Grievance Theory of Civil Conflicts Using Agent-Based Models}},
  booktitle = {Proceedings of the 4th International Conference on Social Computing, Behavioral-Cultural Modeling, and Prediction (SBP 2011)},
  year = {2011},
  pages = {333--340}
}




@article{siegel:po-2011a,
    author = {David A. Siegel},
    title = {Non-Disruptive Tactics of Suppression Are Superior in Countering Terrorism, Insurgency, and Financial Panics},
    journal = {PLoS ONE},
    year = {2011},
    volume = {6},
    pages = {e18545-1--e18545-6}
}


@article{siegel:jp-2011b,
   author = {D. Siegel},
   title = {When Does Repression Work?: Collective Action and Social Networks.},
   journal = {Journal of Politics},
   volume = {73},
   pages = {993--1010},
   year = 2011
}



@article{ugander:pnas-2012,
  author = {Johan Ugander and Lars Backstrom and Cameron Marlow and Jon Kleinberg},
  title  = {Structural Diversity in Social Contagion},
  journal = {Proceedings of the National Academy of Sciences (PNAS)},
  volume  = {109},
  number  = {9},
  year = {2012},
  pages = {5962--5966},
}



@article{bailon:nsr-2011,
  author = {Sandra Gonzalez-Bailon and Javier Borge-Holthoefer and Alejandro Rivero and Yamir Moreno},
  title = {{The Dynamics of Protest Recruitment Through an Online Network}},
  journal = {Nature Scientific Reports},
  year = {2011},
  note = {DOI: 10.1038/srep00197},
  pages = {1--7}
}



@article{cmae+-2009,
    author = {Nicole Crepaz and Khiya J. Marshall and Latrina W. Aupont and Elizabeth D. Jacobs and Yuko Mizuno and Linda S. Kay and Patricia Jones and Donna Hubbard McCree and Ann O'Leary},
    title = {The Efficacy of HIV/STI Behavioral Interventions for African
American Females in the United States: A Meta-Analysis},
    journal = {American Journal of Public Health},
    year = {2009},
    volume = {99},
    pages = {2069--2078}
}


@article{ma-1997,
    author = {L. Michell and A. Amos},
    title = {Girls, pecking order and smoking},
    journal = {Social Science \& Medicine},
    year = {1997},
    volume = {44},
    pages = {1861--1869}
}



@article{vuj-2005,
    author = {Thomas W. Valente and Jennifer B. Unger and C. Anderson Johnson},
    title = {Do popular students smoke? The association between popularity and
smoking among middle school students},
    journal = {Journal of Adolescent Health},
    year = {2005},
    volume = {37},
    pages = {323--329}
}


\iffalse
%%%%%%%%%%%%%%%%%%%%%%%%%%%%%%%%%%%%%%%%%%%%%%%%%%%%%
%%% Repeated reference -- commented out by Ravi.

article{hsuv-2006,
  author = {Beth R. Hoffman and Steve Sussman and Jennifer B. Unger and Thomas
	W. Valente},
  title = {Peer Influences on Adolescent Cigarette Smoking: A Theoretical Review
	of the Literature},
  journal = {Substance Use and Misuse},
  year = {2006},
  volume = {41},
  pages = {103--155}
}
%%%%%%%%%%%%%%%%%%%%%%%%%%%%%%%%%%%%%%%%%%%%%%%%%%%%%
\fi



@inproceedings{lc-2010,
    author = {Mayank Lahiri and Manuel Cebrian},
    title = {The Genetic Algorithm as a General Diffusion Model for Social Networks},
    booktitle = {In Proceedings of the Ninth International Joint Conference on Autonomous Agents and Multiagent Systems (AAMAS 2010)},
    year = {2010}
}


@inproceedings{kkr-2012,
    author = {Chris J. Kuhlman and V. S. Anil  Kumar and S. S. Ravi},
    title = {Critical Sets to Control Bias in Discrete Opinion Dynamics},
    booktitle = {In Proceedings of the 2012 ACM Web Science Conference (WebSci 2012)},
    location = {Evanston, IL},
    pages = {255--264},
    year = {2012}
}

@inproceedings{kkr-2012,
    author = {Chris J. Kuhlman and V. S. Anil  Kumar and S. S. Ravi},
    title = {Critical Sets to Control Bias in Discrete Opinion Dynamics},
    booktitle = {In Proceedings of the 2012 ACM Web Science Conference (WebSci 2012)},
    location = {Evanston, IL},
    pages = {255--264},
    year = {2012}
}

@article{kuhlman:jcn-2012,
    author = {Chris J. Kuhlman and  V. S. Anil Kumar and S. S. Ravi},
    title = {Controlling Opinion Propagation in Online Networks},
    journal = {Journal of Computer Networks},
    year = {2012}
}


@inproceedings{bkm-2007,
 author = {Bharathi, Shishir and Kempe, David and Salek, Mahyar},
 title = {Competitive influence maximization in social networks},
 booktitle = {Proceedings of the 3rd international conference on Internet and network economics},
 series = {WINE'07},
 year = {2007},
 isbn = {3-540-77104-2, 978-3-540-77104-3},
 location = {San Diego, CA, USA},
 pages = {306--311},
 numpages = {6},
 url = {http://dl.acm.org/citation.cfm?id=1781894.1781932},
 acmid = {1781932},
 publisher = {Springer-Verlag},
 address = {Berlin, Heidelberg},
} 









@inproceedings{htww-2010,
    author = {M. Hoogendoorn and J. Treur and C. N van der Wal and A. van Wissen},
    title = {An Agent-Based Model for the Interplay of Information and Emotion in Social Diffusion},
    booktitle = {Proceedings of the 10th IEEE/WIC/ACM International Conference on Intelligent Agent Technology (IAT 2010)},
    year = {2010},
    pages = {439--444}
}


@inproceedings{htww-2010b,
    author = {Mark Hoogendoorn and Jan Treur and C. Natalie van der Wal and Arlette van Wissen},
    title = {Modelling the Interplay of Emotions, Beliefs and Intentions within
Collective Decision Making Based on Insights from Social Neuroscience},
    booktitle = {Find this on internet; I don't know where this is from, nor year, nor pages},
    year = {2010},
    pages = {439--444}
}



@inproceedings{bkgks-2012,
    author = {Yoram Bachrach and Michal Kosinski and Thore Graepel and Pushmeet Kohli and David Stillwell},
    title = {Personality and Patterns of Facebook Usage},
    booktitle = {In Proceedings of the 2012 ACM Web Science Conference (WebSci 2012)},
    location = {Evanston, IL},
    pages = {255--264},
    year = {2012}
}




@book{grillo-2011,
  author = {Ioan Grillo},
  title  = {{El Narco: Inside Mexico's Criminal Insurgency}},
  year   = {2011},
  publisher = {Bloomsbury Press}
}



@book{glenny-2008,
  title = {{McMafia}},
  author = {Misha Glenny},
  publisher = {Alfred A. Knopf},
  year = {2008},
  address = {New York, New York}
}


@article{ld-2012,
  author = {Volodymyr V. Lysenko and Kevin C. Desouza},
  title  = {{Moldova's Internet Revolution:  Analyzing the Role of Techologies in Various Phases of the Confrontation}},
  journal = {Technological Forecasting \& Social Change},
  volume  = {79},
  year = {2012},
  pages = {341--361}
}


@article{ld-2010,
  author = {Volodymyr V. Lysenko and Kevin C. Desouza},
  title  = {{Cyberprotest in Contemporary Russia:  The Cases of Ingushetiya.ru and Bakhmina.ru}},
  journal = {Technological Forecasting \& Social Change},
  volume  = {77},
  year = {2010},
  pages = {1179--1193}
}



@article{ld-2010b,
  author = {Volodymyr V. Lysenko and Kevin C. Desouza},
  title  = {{The Role of Internet-Based Information Flows and Technologies in Electoral Revolutions:  The Case of Ukraine's Orange Revolution}},
  journal = {First Monday},
  volume  = {15},
  year = {2010}
}


@book{euchner-2010,
  title = {{Nobody Turn Me Around: A People's History of the 1963 March on Washington}},
  author = {Charles Euchner},
  publisher = {Beacon Press},
  year = {2010}
}



@incollection{wilson-2012,
  author = {Stan Wilson},
  title = {{Riot anniversary tour surveys progress and economic challenges in Los Angeles}},
  booktitle = {Cable New Network (CNN)},
  year = {2012},
  date = {{25 April 2012}},
  howpublished = {CNN online}
}
%  note = { \url{http://www.cnn.com/2012/04/25/us/california-post-riot/index.html?hpt=us\_t4}.}



@incollection{palmer-1994,
  author = {David Scott Palmer},
  title = {{Introduction:  History, Politics, and Shining Path in Peru}},
  booktitle = {The Shining Path of Peru},
  publisher = {St. Martin's Press},
  year = {1994},
  editor = {David Scott Palmer},
  pages = {1--32}
}



@book{thompson-2001,
  title = {A History of South Africa},
  publisher = {Yale University Press},
  edition = {3},
  year = {2001},
  author = {Leonard Thompson},
  address = {New Haven, CT}
}




@book{abernathy-1991,
  title = {And the Walls Came Tumbling Down},
  author = {Ralph David Abernathy},
  publisher = {Harper Collins},
  year = {1991}
}



@book{tilly-1964,
  title = {The Vendee},
  author = {Charles Herbert Tilly},
  publisher = {Harvard University Press},
  year = {1964},
  address = {Cambridge, Massachusetts}
}



@Article{kuran-1989,
   author = {Timur Kuran},
   title = {Sparks and Prairie Fires:  A Theory of Unanticipated Political Revolution},
   journal = {Public Choice},
   volume = 61,
   pages = {41--74},
   year = 1989
}


@Article{kuran-1995,
   author = {Timur Kuran},
   title = {The Inevitability of Future Revolutionary Surprises},
   journal = {American Journal of Sociology},
   volume = 61,
   pages = {1528--1551},
   year = 1995
}



@ARTICLE{lohmann-1994,
  author = {Susanne Lohmann},
  title = {{The Dynamics of Informational Cascades: The Monday Demonstrations in Leipzig, East Germany, 1989-91}},
  journal = {World Politics},
  year = {1994},
  volume = {47},
  pages = {502--534}
}


@incollection{bbc-2011,
  author = {Anonymous},
  title = {{Egypt's Prime Minister Ahmed Shafiq Resigns}},
  booktitle = {BBC},
  year = {2011},
  date = {{03 March 2011}},
  howpublished = {BBC online}
}




@incollection{france-2011,
  author = {Anonymous},
  title = {{Egypt Braces for Nationwide Protests}},
  booktitle = {The HeraldOnline},
  year = {2011},
  date = {{25 January 2011}},
  howpublished = {online}
}
%  note = { \url{http://www.france24.com/en/20110125-egypt-braces-nationwide-protests}.}



@incollection{guardian-2011,
  author = {Haroon Siddique and Paul Owen and Adam Gabbatt},
  title = {{Protests in Egypt and Unrest in the Middle East--As It Happened}},
  booktitle = {The Guardian},
  year = {2011},
  date = {{25 January 2011}},
  howpublished = {The Guardian online}
}
%  note = { \url{http://www.guardian.co.uk/global/blog/2011/jan/25/middleeast-tuniasia\#block-32}.}


@incollection{tna-2011,
  author = {Anonymous},
  title = {{Egypt Protests a Ticking Time Bomb:  Analysts}},
  booktitle = {The New Age},
  year = {2011},
  date = {{27 January 2011}},
  howpublished = {The New Age online}
}
%  note = { \url{http://www.thenewage.co.za/8894-1007-53-Egypt\_protests\_a\_ticking\_time\_bomb\_Analysts}.}



@incollection{hw-2011,
  author = {Steve Hendrix and William Wan},
  title = {{Egyptian Prime Minister Ahmed Shafiq Resigns Ahead of Protests}},
  booktitle = {Washington Post},
  year = {2011},
  date = {{03 March 2011}},
  howpublished = {Online}
}



@article{kdl-2010,
  author = {Jared P. Keller and Kevin C. Desouza and Yuan Lin},
  title  = {{Dismantling terrorist networks: Evaluating strategic options using agent-based modeling}},
  journal = {Technological Forecasting \& Social Change},
  volume  = {77},
  year = {2010},
  pages = {1014--1036}
}



@article{dl-2011,
  author = {Kevin C. Desouza and Yuan Lin},
  title  = {{Towards Evidence-Driven Policy Design: Complex Adaptive Systems and Computational Modeling}},
  journal = {The Innovation Journal},
  volume  = {16},
  year = {2011},
  pages = {7-1--7-16}
}


@article{bemmps-2011,
  author = {Christopher L. Barrett and Stephen Eubank and
Achla Marathe and Madhav V. Marathe and Zhengzheng Pan and Samarth Swarup},
  title  = {{Information Integration to Support Model-Based
Policy Informatics}},
  journal = {The Innovation Journal},
  volume  = {16},
  year = {2011},
  pages = {2-1--2-19}
}


@INPROCEEDINGS{bckkm-2011,
  title = {Interaction-Based HPC Modeling of Social, Biological, and Economic Contagions Over Large Networks},
  author = {K. Bisset and J. Chen and C. Kuhlman and A. Kumar and M. Marathe},
  booktitle = {Proceedings of the 2011 Winter Simulation Conference (WSC~2011) [invited paper]},
  location = {Phoenix, Arizona},
  month = {December},
  year = {2011}
}


@INPROCEEDINGS{kkmmstrr-2011,
  title = {{A General-Purpose Graph Dynamical System Modeling Framework}},
  author = {C. Kuhlman and A. Kumar and M. Marathe and H. Mortveit and S. Swarup and G. Tuli and S. Ravi and D. Rosenkrantz},
  booktitle = {(WSC~2011)},
  location = {Phoenix, Arizona},
  month = {December},
  year = {2011}
}



@book{hoffer-2002,
  author = {Eric Hoffer},
  title  = {The True Believer},
  year   = {2002},
  publisher = {Harper Perennial Modern Classics},
  note = {Originally published in 1951}
}
  address   = {San Francisco, CA},



@inproceedings{romero:www-2011,
  author    = {Daniel Romero and Brendan Meeder and  Jon Kleinberg},
  title     = {Differences in the Mechanics of Information Diffusion
Across Topics: Idioms, Political Hashtags, and Complex
Contagion on Twitter},
  booktitle = {Proceedings of the 20th International World Wide Web Conference (WWW~2011)},
  year      = {2011},
  location  = {},
  pages     = {},
}


@INPROCEEDINGS{kkmrrst-2011,
  author = {C. Kuhlman and V. Kumar and M. Marathe and S. Ravi and D. Rosenkrantz and S. Swarup and G. Tuli},
  title = {{Inhibiting the Diffusion of Contagions in Bi-Threshold Systems: Analytical and
Experimental Results}},
  booktitle = {Proceedings of the AAAI Fall 2011 Symposium on Complex Adaptive Systems (CAS-AAAI 2011)},
  month = {November},
  year = {2011},
  location = {Arlington, Virginia},
  pages = {91--100}
}
%  pages = {188--196}




@article{ab-2002,
  author = {Reka Albert and Albert-Laszlo Barabasi},
  title  = {Statistical Mechanics of Complex Networks},
  journal = {Reviews of Modern Physics},
  volume  = {74},
  number  = {},
  year = {2002},
  pages = {47--97}
}


@article{dgm-2008,
  author = {S. N. Dorogovtsev and A. V. Goltsev and J. F. F. Mendes},
  title  = {{Critical phenomena in complex networks}},
  journal = {Reviews of Modern Physics},
  volume  = {80},
  number  = {},
  year = {2008},
  pages = {1275--1335}
}


@article{blmch-2006,
  author = {S. Boccaletti and V. Latora and  Y. Moreno and M. Chavezf and D.-U. Hwanga},
  title  = {{Complex networks: Structure and dynamics}},
  journal = {Physics Reports},
  volume  = {422},
  number  = {},
  year = {2006},
  pages = {175--308}
}



@article {bulger:jmf-1989,
  author =  {N. Bulger and A. DeLongis and R. Kessler and E. Wethington},
  title =   {The Contagion of Stress Across Multiple Roles},
  journal = {Journal of Marriage and the Family},
  volume = {51},
  year =    {1989},
  pages = {175--183}
}  



@article{rmp-2008,
    author = {Timothy C. Reluga and Jan Medlock and Alan S. Perelson},
    title = {Backward Bifurcations and Multiple Equilibria in Epidemic Models with
Structured Immunity},
    journal = {Journal of Theoretical Biology},
    year = {2008},
    volume = {252},
    pages = {155--165}
}




@INPROCEEDINGS{es-2007,
  author = {E. Even-Dar and A. Shapira},
  title = {{A Note on Maximizing the Spread of Influence in Social Networks}},
  booktitle = {Workshop on Internet and Network Economics (WINE 2007), LNCS 4858},
  volume = {4858},
  year = {2007},
  pages = {281--286}
}


@INPROCEEDINGS{es-2011,
  author = {Eyal Even-Dar and Asaf Shapira},
  title = {{A Note on Maximizing the Spread of Influence in Social Networks}},
  journal = {Information Processing Letters},
  volume = {111},
  year = {2011},
  pages = {184--187}
}




@article{zzc-2012,
  author = {Jingyu Zhou and Yunlong Zhang and Jia Cheng},
  title  = {{Preference-based Mining of Top-K Influential Nodes in
Social Networks}},
  journal = {Future Generation Computer Systems},
  volume  = {},
  number  = {},
  year = {2012},
  pages = {},
  note = {accepted}
}



@article{hn-2006,
  author = {Petter Holme and M. E. J. Newman},
  title  = {{Nonequilibrium phase transition in the coevolution of networks and opinions}},
  journal = {Physical Review E},
  volume  = {74},
  number  = {},
  year = {2006},
  pages = {056108-1--056108-5}
}



@article{bbsz-2009,
  volume = {79},
  journal = {Physical Review E},
  author = {Benczik, I. J. and Benczik, S. Z. and Schmittmann, B. and Zia, R. K. P.},
  month = {Apr},
  url = {http://link.aps.org/doi/10.1103/PhysRevE.79.046104},
  doi = {10.1103/PhysRevE.79.046104},
  year = {2009},
  title = {Opinion dynamics on an adaptive random network},
  issue = {4},
  publisher = {American Physical Society},
  numpages = {10},
  pages = {046104-1--046104-10}
}



@ARTICLE{bm-2009,
  author = {G. Bischi and U. Merlone},
  title = {{Global Dynamics in Binary Choice Models with Social Influence}},
  journal = {J. Math. Sociology},
  year = {2009},
  volume = {33},
  pages = {277--302}
}


@INPROCEEDINGS{tmrs-2012,
  author = {Gaurav Tuli and Madhav Marathe and S. S. Ravi and Samarth Swarup},
  title = {{Addiction Dynamics May Explain the Slow Decline of Smoking Prevalence}},
  booktitle = {Proceedings of the 2012 International Conference on Social Computing, Behavioral-Cultural Modeling, and Prediction (SBP12)},
  year = {2012}
}


@article{chwe-1999,
 author = {Michael Suk-Young Chwe},
 title = {Structure and Strategy in Collective Action},
 journal = {Am. J. Soc.},
 volume = {105},
 pages = {128--156},
 year = {1999}
} 



@book{valente-2010,
  author = {Thomas W. Valente},
  title  = {{Social Networks and Health}},
  year   = {2010},
  publisher = {OxFord University Press}
}



@article{yildiz-2011,
  author= {E. Yildiz and D. Acemoglou and A. Ozdaglar and A. Saberi and A. Scaglione},
  title = {Discrete Opinion Dynamics with Stubborn Agents},
  journal = {OPRE-2011-01-026},
  year   = {2011},
}


@article{ksyowu-2008,
  author = {Kazuki Kawachi and Motohide Seki and Hiraku Yoshida and Yohei Otake and Katsuhide Warashina and Hiroshi Ueda},
  title  = {{A rumor transmission model with various contact interactions}},
  journal = {Journal of Theoretical Biology},
  volume  = {253},
  year = {2008},
  pages = {55--60},
}


@INPROCEEDINGS{achs-2009,
  author = {Elliot Anshelevich and Deeparnab Chakrabarty and 
  Ameya Hate and Chaitanya Swamy},
  title = {{Approximation Algorithms for the Firefighter
Problem: Cuts over Time and Submodularity}},
  booktitle = {Proceedings of the Conference of the International 
  Society for Augmentative and Alternative Communication (ISAAC 2009)},
  pages = {974--983},
  year = {2009}
}

@article{achs-2012,
  author = {Elliot Anshelevich and Deeparnab Chakrabarty and 
  Ameya Hate and Chaitanya Swamy},
  title = {{Approximability of the Firefighter
Problem: Computing Cuts over Time}},
  booktitle = {Journal Algorithmica},
  pages = {520-536},
  year = {2012}
}



@misc{hecj-2011,
 author = {Xinran Hey and Guojie Songy and Wei Chenz and Qingye Jiang},
 title = {Influence Blocking Maximization in Social Networks
under the Competitive Linear Threshold Model
Technical Report},
 year = {2011},
 pages = {},
 note = {appears as arXiv arXiv:1110.4723v1}
} 



@inproceedings{ccck+-2011,
  author    = {Wei Chen and
               Alex Collins and
               Rachel Cummings and
               Te Ke and
               Zhenming Liu and
               David Rinc{\'o}n and
               Xiaorui Sun and
               Yajun Wang and
               Wei Wei and
               Yifei Yuan},
  title     = {Influence Maximization in Social Networks When Negative
               Opinions May Emerge and Propagate},
  booktitle = {SIAM International Conference on Data Mining (SDM 2011)},
  year      = {2011},
  pages     = {379-390},
}



@INPROCEEDINGS{nyte-2012,
  author = {Nam P. Nguyen and Guanhua Yan and My T. Thai and Stephan Eidenbenz},
  title = {{Containment of Viral Spread in Online Social Networks}},
  booktitle = {Proceedings of the ACM Web Science Conference (WebSci 2012)},
  month = {June},
  year = {2012},
  location = {Evanston, Illinois}
}


@inproceedings{tptefc-2010,
  author = {H. Tong and B. Prakash and C. Tsourakakis and T. Eliassi-Rad and C. Faloutsos and D. Chau},
  title  = {{On the Vulnerability of Large Graphs}},
  booktitle = {Proceedings of the 10th IEEE Conference on Data Mining (ICDM~2010)},
  year = {2010},
 location = {Sydney, NSW},
 pages = {1091--1096}
}




@article{xekssk-2012,
   author = {J. Xie and J. Emenheiser and M. Kirby and S. Sreenivasan and B. Szymanski and G. Korniss},
   title = {{Evolution of Opinions on Social Networks in the
Presence of Competing Committed Groups}},
   journal ={PLoS Onw},
   volume = {7},
   year = {2012},
   pages = {e33215-1--e33215-9}
}

@Inproceedings{kuhlman-etal-2011,
   author = {C. Kuhlman and V. Kumar and M. Marathe
              and S. Ravi and D. Rosenkrantz and
              S. Swarup and G. Tuli},
   title  = {{A Bithreshold Model of Complex Contagion and its
              Application to the Spread of Smoking Behavior}},
   booktitle = {Proceedings of the Workshop on Social Network Mining and 
                Analysis (SNA-KDD~2011)},
   month = {August}, 
   year  = {2011}
}


@article{sj-2010,
   author = {M. Salathe and J. Jones},
   title = {{Dynamics and Control of Diseases in Networks with
Community Structure}},
   journal ={PLoS Computational Biology},
   volume = {6},
   year = {2010},
   pages = {e1000736-1--e1000736-11}
}


@article{oas-2010,
 author = {Tore Opsahl and Filip Agneessens and John Skvoretz},
 title = {Node Centrality in Weighted Networks: Generalizing Degree and Shortest Paths},
 journal = {Social Networks},
 volume = {32},
 year = {2010},
 pages = {245--251},
} 


@inproceedings{blp-2003,
    author = {Linda Briesemeister and Patrick Lincoln and Phillip Porras},
    title = {Epidemic Profiles and Defense of Scale-Free Networks},
    booktitle = {Proceedings of the 2003 ACM CCS Workshop on Rapid Malcode (WORM 03)},
    year = {2003},
    pages = {67--75}
}


@inproceedings{pbslrt-2004,
    author = {Phillip Porras and Linda Briesemeister and Keith Skinner and Karl Levitt and Jeff Rowe and Yu-Cheng Allen Ting},
    title = {A Hybrid Quarantine Defense},
    booktitle = {Proceedings of the 2004 ACM CCS Workshop on Rapid Malcode (WORM 04)},
    year = {2004},
    pages = {73--82}
}


@article{kkmrr-2012,
 author = {Chris J. Kuhlman and V.S. Anil Kumar and Madhav V. Marathe and S. S. Ravi and Daniel J. Rosenkrantz},
 title = {Inhibiting Diffusion of Complex Contagions in Social Networks},
 journal = {Journal of Data Mining and Knowledge Discovery},
 year = {2012},
 pages = {},
 note = {submitted}
} 





@ARTICLE{lopez-2008,
  author = {R. Lopez},
  title = {{Is Obesity Contagious?}},
  journal = {Expert Rev. Endocrinol. Metab.},
  year = {2008},
  volume = {3},
  number = {1},
  pages = {21---22}
}



@ARTICLE{rsb-1988,
  author = {I. Rosenstock and V. Strecher and M. Becker},
  title = {{Social Learning Theory and the Health Belief Model}},
  journal = {Health Education Quarterly},
  year = {1988},
  volume = {15},
  number = {2},
  pages = {175--183}
}




@INPROCEEDINGS{mr-2007,
  author = {E. Mossel and S. Roch},
  title = {{On the Submodularity of Influence in Social Networks}},
  booktitle = {Proc. ACM STOC},
  year = {2007},
  pages = {128--134},
  location = {San Diego, California}
}


@ARTICLE{morris:res-2000,
  author = {S. Morris},
  title = {Contagion},
  journal = {Review of Economic Studies},
  year = {2000},
  volume = {67},
  pages = {57--78}
}



@INPROCEEDINGS{bbkmnt-2009,
  author = {M. Berthold and U. Brandes and T. Kotter and M. Mader and U. Nagel
	and K. Thiel},
  title = {{Pure Spreading Activation is Pointless}},
  booktitle = {Proc. CIKM},
  year = {2009},
  pages = {1915--1918},
  location = {Hong Kong, China}
}


@ARTICLE{crestani-1997,
  author = {F. Crestani},
  title = {{Application of Spreading Activation Techniques in Information Retrieval}},
  journal = {AI Review},
  year = {1997},
  volume = {11},
  pages = {453--482}
}



@BOOK{polk-2008,
  title = {Violent Politics:  A History of Insurgency, Terrorism, and Guerrilla War, From the American Revolution to Iraq},
  author = {W. Polk},
  publisher = {Harper Perennial},
  year = {2008},
  address = {New York, NY}
}



@incollection{sc-2011,
  author    = {Katherine Faust}, 
  title     = {{Animal Social Networks}},
  booktitle = {The Sage Handbook of Social Network Analysis},
  editor    = {John Scott and Peter J. Carrington},
   publisher = {Sage Publishers},
  year      = {2011},
  pages     = {148--166},
}



@ARTICLE{wbsj-2008,
  author = {Tina Wey and Daniel T. Blumstein and Weiwei Shen and Ferenc Jordan},
  title = {{Soical Network Analysis of Animal Behavior:  A Promising Tooll for the Study of Sociality}},
  journal = {Animal Behavior},
  year = {2008},
  volume = {75},
  pages = {333--344}
}




@ARTICLE{valente03effects,
  author = {Thomas W. Valente and Beth R. Hoffman and Annamara Ritt-Olson and
	Kara Lichtman and C. Anderson Johnson},
  title = {Effects of a Social-Network Method for Group Assignment Strategies
	on Peer-Led Tobacco Prevention Programs in Schools},
  journal = {Am. J. Public Health},
  year = {2003},
  volume = {93},
  pages = {1837-1843},
  number = {11},
  owner = {swarup},
  timestamp = {2010.10.13}
}



@ARTICLE{hsuv-2006,
  author = {Beth R. Hoffman and Steve Sussman and Jennifer B. Unger and Thomas
	W. Valente},
  title = {Peer Influences on Adolescent Cigarette Smoking: A Theoretical Review
	of the Literature},
  journal = {Substance Use and Misuse},
  year = {2006},
  volume = {41},
  pages = {103--155}
}




@ARTICLE{bc-2001,
  author = {B. Borsari and K. Carey},
  title = {{Peer Influences of College Drinking:  A Review of the Research}},
  journal = {Journal of Substance Abuse},
  year = {2001},
  volume = {13},
  pages = {391--424}
}





@ARTICLE{sturm-2002,
  author = {R. Sturm},
  title = {{The Effects Of Obesity, Smoking, And Drinking On Medical Problems And Costs}},
  journal = {Health Affairs},
  year = {2002},
  volume = {21},
  number = {2},
  pages = {245--253}
}



@ARTICLE{ftcd-2009,
  author = {E. Finkelstein and J. Trogdon and J. Cohen and W. Dietz},
  title = {{Annual Medical Spending Attributable to Obesity: Payer- and Service-Specific Estimates}},
  journal = {Health Affairs},
  year = {2009},
  volume = {28},
  number = {5},
  pages = {w822--w831}
}



@ARTICLE{ntf-1994,
  author = {R. Atkinson and W. Dietz and J. Foreyt and N. Goodwin and J. Hill and J. Hirsch and F. Pi-Sunyer and R. Weinsier 
  and R. Wing and J. Hoofnagle and J. Everhart and V. Hubbard and S. Yanovski},
  title = {{Weight Cycling}},
  journal = {Journal of the American Medical Association},
  year = {1994},
  volume = {272},
  number={15},
  pages = {1196--1202}
}



@article {macy-1991,
  author =  {Michael Macy},
  title =   {{Chains of Cooperation: Threshold Effects in Collective Action}},
  journal = {Am. Sociol. Rev.},
  volume = {56},
  number = {6},
  pages = {730--747},
  year =    {1991}
}  


@book{dw-2007,
  author = {Drew Westen},
  title  = {The Political Brain: The Role of Emotion in Deciding the Fate of the Nation},
  year   = {2007},
  publisher = {PublicAffairs}
}


@INPROCEEDINGS{obrs-2010,
  author = {Brendan O'Connor and Ramnath Balasubramanyan and Bryan R. Routledge and Noah A. Smith},
  title = {{From Tweets to Polls:  Linking Text Sentiment to Public Opinion Time Series}},
  booktitle = {Proceedings of the International AAAI Conference on Weblogs and Social Media},
  year = {2010},
  pages = {1915--1918},
  location = {Hong Kong, China}
}


@INPROCEEDINGS{tssw-2010,
  author = {Andranik Tumasjan and Timm O. Sprenger and Philipp G. Sanders and Isabell M. Welpe},
  title = {{Predicting Elections with Twitter:  What 140 Characters Reveal about Political Sentiment}},
  booktitle = {Proceedings of the International AAAI Conference on Weblogs and Social Media},
  year = {2010},
  pages = {178--185},
  location = {Hong Kong, China}
}



@misc{bfblhh-2011,
  author = {Christopher Brown and Joey Frazee and David Beaver and Xiong Liu and Fred Hoyt and Jeff Hancock},
  title  = {{Evolution of Sentiment in the Libyan Revolution}},
  year = {2011},
  note = {Working Paper for the NSF Minerva Project},
}



@article{bos-2012,
  author = {David Bamman and Brendan O'Connor and Noah A. Smith},
  title  = {{Censorship and Deletion Practices in Chinese Social Media}},
  journal = {First Monday},
  volume  = {17},
  year = {2012}
}



@article{lwbcd-2012,
  author = {Jianghong Li and Margaret R. Weeks and Stephen P. Borgatti and Scott Clair and Julia Dickson-Gomez},
  title  = {{A Social Network Approach to Demonstrate the Diffusion and Change Process of Intervention From Peer Health Advocates to the Drug Using Community}},
  journal = {Substance Use \& Misuse},
  volume  = {47},
  pages = {474--490},
  year = {2012}
}



@article{vv-2001,
    author = {Thomas W. Valente and David Vlahov},
    title = {Selective Risk Taking Among Needle
Exchange Participants: Implications for
Supplemental Interventions},
    journal = {American Journal of Public Health},
    year = {2001},
    volume = {91},
    pages = {406--411}
}

@article{vhrlj-2003,
    author = {Thomas W. Valente and Beth R. Hoffman and Annamara Ritt-Olson and Kara Lichtman and C. Anderson Johnson},
    title = {Effects of a Social-Network Method for Group Assignment
Strategies on Peer-Led Tobacco Prevention Programs in Schools},
    journal = {American Journal of Public Health},
    year = {2003},
    volume = {93},
    pages = {1837--1843}
}



@article{tkdl-2011,
    author = {Karin Elizabeth Tobin and Satoko Janet Kuramoto and Melissa Ann Davey-Rothwell and Carl Asher Latkin},
    title = {The STEP into Action study: a peer-based, personal
risk network-focused HIV prevention intervention with
injection drug users in Baltimore, Maryland},
    journal = {Addiction},
    year = {2011},
    volume = {106},
    pages = {366--375}
}


@article{kj-2011,
    author = {Bernice Roberts Kennedy and Chalice C. Jenkins},
    title = {Promoting African American Women and Sexual Assertiveness in Reducing HIV/AIDS:  An Analytical Review of  the Research Literature},
    journal = {Journal of Cultural Diversity},
    year = {2011},
    volume = {18},
    pages = {142--149}
}

@article{latkin-1998,
    author = {Carl A. Latkin},
    title = {Outreach in Natural Settings: The Use of
Peer Leaders for HIV Prevention among
Injecting Drug Users' Networks (Supplement)},
    journal = {Public Health Reports},
    year = {1998},
    volume = {113},
    pages = {151--159}
}


@book{elster-1989,
  author = {Jon Elster},
  title = {The Cement of Society},
  publisher = {Cambridge University Press},
  year = {1989}
}




@article {omt-1985,
  author =  {P. Oliver and G. Marwell and R. Teixeira},
  title =   {{A Theory of the Critical Mass. I. Interdependence, Group Heterogeneity,
and the Production of Collective Action}},
  journal = {American Journal of Sociology},
  volume = {91},
  number = {3},
  pages = {522-556},
  year =    {1985}
}  


@article{doherty:jnb-1997,
  author = {R. William Doherty},
  title = {The Emotional Contagion Scale:  A Measure of Individual Differences},
  journal = {Journal of Nonverbal Behavior},
  volume = {21},
  pages = {131--154},
  year = {1997}
}



@article{nabi-2002,
  author = {Robin L. Nabi},
  title = {{Anger, Fear, Uncertainty, and Attitude:  A Test of the Cognitive-Functional Model}},
  journal = {Communication Monographs},
  year = {2002},
  volume = {69},
  pages = {204--216}
}


@article{bsk-1994,
  author = {G. V. Bodenhausen  and L. Sheppard and G. Kramer},
  title = {{Negative Affect and Social Judgment:  The Differential Impact of of Anger and Sadness}},
  journal = {European Journal of Social Psychology},
  year = {1994},
  volume = {24},
  pages = {45--62}
}



@inproceedings{tsai:iva-2011,
    author = {Jason Tsai and Emma Bowring and Stacy Marsella and Milind Tambe},
    title = {Empirical Evaluation of Computational Emotional Contagion Models},
    booktitle = {Proceedings of the 11th International Conference on Intelligent Virtual
Agents (IVA 2011)},
    year = {2011}
}


@incollection{weir-2009,
  author = {David Weir},
  title = {{Foreign Media Banned in Iran so Twitter and YouTube Rock }},
  booktitle = {BNET Media},
  year = {2009},
  date = {{16 June 2009}},
  howpublished = {online}
}
%http://www.cbsnews.com/8301-505123_162-33242730/foreign-media-banned-in-iran-so-twitter-and-youtube-rock-on/?tag=bnetdomain




@article{sgtlwb-2009,
    author = {Susan G. Sherman and Donald S. Ganna and Karin E. Tobin and
Carl A. Latkin and Christopher Welsh and Peter Bielenson},
    title = {The life they save may be mine: Diffusion of overdose prevention
information from a city sponsored programme},
    journal = {International Journal of Drug Policy},
    year = {2009},
    volume = {20},
    pages = {137--142}
}

@INPROCEEDINGS{hko-2011,
  author = {B. W. K. Hung and S. E. Kolitz and A. Ozdaglar},
  title = {{Optimization-Based Influencing of Village Social Networks in Counterinsurgency}},
  booktitle = {Proceedings of the 4th International Conference on Social Computing, Behavioral-Cultural Modeling, and Prediction (SBP 2011)},
  year = {2011},
  pages = {10--17}
}



@ARTICLE{fc-2008,
  author = {J. Fowler and N. Christakis},
  title = {{Dynamic Spread of Happiness in a Large Social Network: Longitudinal Analysis Over 20 Years in the Framingham Heart Study}},
  journal = {British Medical Journal},
  year = {2008}
}

@book{grimmett,
author = {G. Grimmett},
title = {Percolation},
publisher = {Springer},
year = {1989}
}







@inproceedings{szcz-2009,
 author = {Xiaolin Shi and Jun Zhu and Rui Cai and Lei Zhang},
 title = {User grouping behavior in online forums},
 booktitle = {Proceedings of the 15th ACM SIGKDD international conference on Knowledge discovery and data mining (KDD 09)},
 year = {2009},
 pages = {777--786}
} 


@inproceedings{ahkl-2012,
  author    = {Ashton Anderson and Daniel Huttenlocher and Jon Kleinberg and Jure Leskovec},
  title     = {{Effects of User Similarity in Social Media}},
  booktitle = {Proceedings of the 5th ACM Symposium on Web Search and Data Mining (WSDM 2012)},
  year      = {2012},
  location  = {},
  pages     = {703--712},
}



@inproceedings{lafond:www-2010,
  author    = {Timothy La Fond and Jennifer Neville},
  title     = {Randomization Tests for Distinguishing Social Influence and Homophily Effects},
  booktitle = {Proc. of the 19th International World Wide Web Conference (WWW)},
  year      = {2010},
  location  = {},
  pages     = {703--712},
}



@article{ams-2009,
  author = {Sinan Aral and Lev Muchnik and Arun Sundararajan},
  title = {{Distinguishing Influence-Based Contagion from Homophily-Driven Diffusion in Dynamic Networks}},
  journal = {Proceedings of the National Academy of Sciences},
  volume = {106},
  pages = {21544--21549},
  year = {2009}
}


@article{shalizi:smr-2011,
  author = {Cosma Rohilla Shalizi and Andrew C. Thomas},
  title = {Homophily and Contagion Are Generically Confounded in Observational Social Network Studies},
  journal = {Sociological Methods and Research},
  volume = {40},
  pages = {211-239},
  year = {2011}
}


Benjamin Golub, Matthew O. Jackson, "How Homophily Affects Diffusion and Learning in Networks", arxiv:0811.4013




\iffalse
%%%%%%%%%%%%%%%%%%%%%%%%%%%%%%%%%%%%%%%%%%%%%%%
%%% Repeated entries -- commented out by Ravi.

article{mf-1993,
  author = {Peter V. Marsden and Noah E. Friedkin},
  title = {{Network Studies of Social Influence}},
  journal = {Sociological Methods and Research},
  volume = {22},
  pages = {127--151},
  year = {1993}
}



%%%%%%%%%%%%%%%%%%%%%%%%%%%%%%%%%%%%%%%%%%%%%%%
\fi


@article{lpr-1952,
  author = {Ronald Lippitt and Norman Polansky and Sidney Rosen},
  title = {{The Dynamics of Power:  A Field Study of Social Influence in Groups of Children}},
  journal = {Human Relations},
  volume = {5},
  pages = {37--64},
  year = {1952}
}



@article{msc-2001,
  author = {Miller McPherson and Lynn Smith-Lovin and James M. Cook},
  title = {{Birds of a Feather:  Homophily in Social Networks}},
  journal = {Annual Review of Sociology},
  volume = {27},
  pages = {415--444},
  year = {2001}
}



@article{axelrod-1997,
  author = {Robert Axelrod},
  title = {{The Dissemination of Culture:  A Model with Local Convergence and Global Polarization}},
  journal = {Journal of Conflict Resolution},
  volume = {41},
  pages = {203--226},
  year = {1997}
}


@article{aw-2012,
  author = {Sinan Aral and Dylan Walker},
  title = {{Identifying Influential and Susceptible Members of Social Networks}},
  journal = {Science},
  volume = {337},
  pages = {337--341},
  year = {2012}
}

@article{valente-2012,
  author = {Thomas W. Valente},
  title = {{Network Interventions}},
  journal = {Science},
  volume = {337},
  pages = {49--53},
  year = {2012}
}


@article{az-1998,
  author = {C. Avery and P Zemsky},
  title = {{Multidimensional Uncertainty and Herd Behavior in Financial Markets}},
  journal = {American Economic Review},
  volume = {88},
  pages = {724--748},
  year = {1998}
}



@book{shiller-2000,
author = {R. J. Shiller},
title = {Irrational Exuberance},
publisher = {Princeton University Press},
year = {2000}
}



@article{kmlzdck-2004,
   author = {U. Karaoz and T. Murali and S. Letovsky and Y. Zheng and C. Ding and C. Cantor and S. Kasif},
   title = {Whole-Genome Annotation By Using Evidence Integration in
                   Functional-Linkage Networks},
   journal = {Proceedings of the National Academy of Sciences},
   volume = 101,
   number = 9,
   pages = {2888--2893},
   year = 2004
}


@article{cyas-2011,
   author = {Colin Campbell and Suann Yang and Réka Albert and Katriona Sheab},
   title = {A network model for plant–pollinator community assembly},
   journal = {Proceedings of the National Academy of Sciences},
   volume = 108,
   number = 1,
   pages = {197--202},
   year = 2011
}


@article{hsc-2007,
 author    = {Baris Hancioglu and David Swigon and Gilles Clermont},
 title     = {{A dynamical model of human immune response
to influenza A virus infection}},
 journal   = {Journal of Theoretical Biology},
 volume    = {246},
 number    = {1},
 pages     = {70--86},
 year      = {2007}
}


@article{mo-2008,
author = {Daniel J. Myers and Pamela E. Oliver},
title = {{The opposing forces diffusion model: the initiation and repression of collective
violence}},
journal ={Dynamics of Asymmetric Conflict},
volume = {1},
year = {2008},
pages = {164--189}
}



@article{ackmm-2009,
   author = {K. Atkins and J. Chen and V.S.A. Kumar and  M. Macauley and A. Marathe},
   title = {Locational Market Power in Network Constrained Markets},
   journal = {Journal of Economic Behavior and Organization},
   volume = 70,
   pages = {416--430},
   year = {2009}
}



@article{ptegd-2011,
author = {Rami Puzis and Meytal Tubi and Yuval Elovici and Chanan Glezer and Shlomi Dolev},
title = {{A Decision Support System for Placement of Intrusion Detection and Prevention Devices in Large-Scale Networks}},
journal ={ACM Transactions on Modeling and Computer Simulation (TOMACS 2011)},
volume = {22},
year = {2011},
pages = {1--2}
}



@INCOLLECTION{cp-2001,
  author = {A. Cangelosi and D. Parisi},
  title = {{Computer Simulation: A New Scientific Approach to the Study of Language Evolution}},
  booktitle = {Simulating the Evolution of Language},
  publisher = {Springer},
  year = {2001},
  editor = {A. Cangelosi and D. Parisi},
}


@MISC{wiki-2011b,
  author = {Wikipedia},
  title = {{2011 Egyptian Revolution}},
  year = {2011}
}
%  note = { \url{http://en.wikipedia.org/wiki/2011\_Egyptian\_revolution}.}



@article{or-2010,
  author = {Jukka-Pekka Onnela and Felix Reed-Tsochas},
  title  = {{Spontaneous Emergence of Social Influence in Online Systems}},
  journal = {Proceedings of the National Academy of Sciences (PNAS)},
  volume  = {107},
  number  = {43},
  year = {2010},
  pages = {18375--18380},
}


@article{lgk-2012,
  author = {Kevin Lewis and Marco Gonzalez and Jason Kaufman},
  title  = {{Social Selection and Peer Influence in an Online Social Network}},
  journal = {Proceedings of the National Academy of Sciences (PNAS)},
  volume  = {109},
  number  = {1},
  year = {2012},
  pages = {68--72},
}


@article{bass-1969,
  author = {F. M. Bass},
  title  = {{A New Product Growth Model for Consumer Durables}},
  journal = {Management Science},
  volume  = {15},
  year = {1969},
  pages = {215--227},
}



@article{yl-2004,
  author = {Tracy Yang and Jamus Jerome Lim},
  title  = {Crisis, Contagion, and East Asian Stock Markets},
  journal = {Review of Pacific Basin Financial Markets and Policies},
  volume  = {7},
  year = {2004},
  pages = {119--151}
}



@article{yb-2008,
  author = {Jian Yang and David A. Bessler},
  title  = {Contagion Around the October 1987 Stock Market Crash},
  journal = {European Journal of Operation Research},
  volume  = {184},
  year = {2008},
  pages = {291--310}
}



@article{lee-2012,
  author = {Hsien-Yi Lee},
  title  = {Contagion in International Stock Markets during the
Sub Prime Mortgage Crisis},
  journal = {International Journal of Economics and Financial Issues},
  volume  = {2},
  year = {2012},
  pages = {41--53}
}


@article{markwat:jbf-2009,
  author = {Thijs Markwat and Erik Kole and Dick van Dijk},
  title  = {Contagion as a domino effect in global stock markets},
  journal = {Journal of Banking \& Finance},
  volume  = {33},
  year = {2009},
  pages = {1996--2012}
}


@book{lynch-1998,
author = {Aaron Lynch},
title = {Thought Contagion},
publisher = {Basic Books},
year = {1998}
}



@article{brm-2012,
  author = {Javier Borge-Holthoefer and Alejandro Rivero and Yamir Moreno},
  title  = {Locating Privileged Spreaders on an Online Social Network},
  journal = {Physical Review E},
  volume  = {85},
  year = {2012},
  pages = {066123-1--066123-6}
}


@misc{bm-2011,
  author = {Javier Borge-Holtheoefer and Yamir Moreno},
  title  = {{Absence of Influential Spreaders in Rumor Dynamics}},
  year = {2011},
  note = {Appears as arXiv:1112.2239v1},
}

@inproceedings{vshfcm-2012,
  author = {Narseo Vallina-Rodriguez and Salvatore Scellato and Hamed Haddadi and Carl Forsell and Jon Crowcroft and Cecilia Mascolo},
  title = {{Los Twindginados:  The Rise of the Indignados Movement on Twitter}},
  booktitle = {ASE/IEEE International Conference on Social Computing (SocialComm 2012)},
  year = {2012}
}



@article{ssp-2010,
  author = {Christian Steglich and Tom Snijders and Michael Pearson},
  title  = {{Dynamic Networks and Behavior:  Separating Selection from Influence}},
  journal = {Sociological Methodology},
  volume  = {40},
  year = {2010},
  pages = {239--392}
}



@article{ssb-2010,
  author = {Tom Snijders and Christian Steglich and Gerhard van de Bunt},
  title  = {{Introduction to Actor-Based Models for Network Dynamics}},
  journal = {Social Networks},
  volume  = {32},
  year = {2010},
  pages = {44--60}
}



@article{mssvv-2010,
  author = {Mercken and Tom Snijders and Christian Steglich and Vartiainen and de Vries},
  title  = {{Dynamics of Adolescent Friendship Networks and Smoking Behavior}},
  journal = {Social Networks},
  volume  = {32},
  year = {2010},
  pages = {72--81}
}



@inproceedings{bbefm-2008,
  author = {C. Barrett and K. Bisset and S. Eubank and X. Feng and M. Marathe},
  title = {{EpiSimdemics: an Efficient Algorithm for
Simulating the Spread of Infectious Disease over
Large Realistic Social Networks}},
  booktitle = {Proceedings of the 2008 ACM/IEEE conference on Supercomputing (SC 2008)},
  year = {2008}
}



@INPROCEEDINGS{bcfkm-2009,
  author = {K. Bisset and J. Chen and X. Feng and A. Kumar and M. Marathe},
  title = {{EpiFast: A Fast Algorithm for Large Scale Realistic Epidemic Simulations on Distributed Memory Systems}},
  booktitle = {(ICS 2009)},
  year = {{2009-b}},
  pages = {430--439}
}



@misc{cyg-2007,
  author = {Aaron Clauset and Maxwell Young and Kristian Skrede Gleditsch},
  title  = {{On the Frequency of Severe Terrorist Events}},
  year = {2007},
  note = {Appears as arXiv:physics/0606007v3},
}


@article {coleman-1986,
  author =  {J. Coleman},
  title =   {{Social Theory, Social Research, and a Theory of Action}},
  journal = {American Journal of Sociology},
  volume = {91},
  number = {6},
  pages = {1309--1335},
  year =    {1986}
}  




@article {taylor-1989,
  author =  {M. Taylor},
  title =   {{Structure, Culture and Action in the Explanation of Social Change}},
  journal = {Politics \& Society},
  volume = {17},
  number = {2},
  pages = {115--162},
  year =    {1989}
}  




@INCOLLECTION{taylor-1988,
  author = {M. Taylor},
  title = {{Rationality and Revolutionary Collective Action}},
  booktitle = {Rationality and Revolution},
  publisher = {Cambridge University Press},
  year = {1988},
  editor = {M. Taylor},
  pages = {63--97}
}


@book{sandler-1992,
  author = {T. Sandler},
  title  = {Collective Action:  Theory and Applications},
  year   = {1992},
  publisher = {University of Michigan Press}
}

@INPROCEEDINGS{alw-2011a,
  author = {Nitin Agarwal and Merlyna Lim and Rolf Wigand},
  title = {{Finding Her Master's Voice:  The Power of Collective Action Among Female Muslim Bloggers}},
  booktitle = {Proceedings of the 19th European Conference on Information Systems (ECIS 2011)},
  year = {2011},
  location = {Helsinki, Finland}
}



@article{alw-2011b,
  author = {Nitin Agarwal and Merlyna Lim and Rolf Wigand},
  title = {{Collective Action Theory Meets the Blogosphere:
A New Methodology}},
  journal = {Communications in Computer and Information Science},
  volume = {136},
  pages = {224--239},
  year = {2011}
}



@book{olson-1971,
  author = {Mancur Olson},
  title  = {The Logic of Collective Action: Public Goods and the Theory of Groups},
  year   = {1971},
  publisher = {Harvard University Press}
}


@article{coase-1937,
  author = {R. H. Coase},
  title = {{The Nature of the Firm}},
  journal = {Economica},
  volume = {4},
  pages = {386--405},
  year = {1937}
}



@article {oliver-1980,
  author =  {P. Oliver},
  title =   {{Rewards and Punishments as Selective Incentives for Collective Action}},
  journal = {American Journal of Sociology},
  volume = {85},
  number = {6},
  pages = {1356--1375},
  year =    {1980}
}  


@article {om-1988,
  author =  {P. Oliver and G. Marwell},
  title =   {{The Paradox of Group Size in Collective Action: A Theory of the Critical Mass. II}},
  journal = {American Sociological Review},
  volume = {53},
  number = {1},
  pages = {1--8},
  year =    {1988}
}  


@article {om-1988b,
  author =  {P. Oliver and G. Marwell},
  title =   {{The Paradox of Group Size in Collective Action: A Theory of the Critical Mass. III}},
  journal = {American Journal of Sociology},
  volume = {94},
  number = {3},
  pages = {502--534},
  year =    {1988}
}  


@article{oliver-1993,
    author = {Pamela E. Oliver},
    title = {Formal Models of Collective Action},
    journal = {Annual Review of Sociology},
    year = {1993},
    volume = {19},
    pages = {271--300}
}


@article{om-2001,
    author = {Pamela E. Oliver and Gerald Marwell},
    title = {Whatever Happened to Critical Mass Theory?},
    journal = {Sociological Theory},
    year = {2001},
    volume = {19},
    pages = {292--311}
}


@ARTICLE{cf-2008,
  author = {Nicholas A. Christakis and James H. Fowler},
  title = {The Collective Dynamics of Smoking in a Large Social Network},
  journal = {N. Engl. J. Med.},
  year = {2008},
  volume = {358},
  pages = {2249-2258},
  number = {21},
  month = {May 22}
}


@article{kawachi-2008,
  author = {K. Kawachi},
  title = {{Deterministic models for rumor transmission}},
  journal = {Nonlinear Analysis: Real World Applications},
  volume = {9},
  pages = {1989--2028},
  year = {2008}
}


@article{epch-2008,
  author = {Joshua M. Epstein and Jon Parker and Derek Cummings and Ross A. Hammond},
  title  = {Coupled Contagion Dynamics of Fear and Disease:
Mathematical and Computational Explorations},
  journal = {PLoS ONE},
  volume  = {3},
  number  = {},
  year = {2008},
  pages = {e3955-1--e3955-11}
}


@article{oshslkkb-2007,
  journal = {Proceedings of the National Academy of Sciences (PNAS)},
  author = {J.-P. Onnela and J. Saramaki and J. Hyvonen and G. Szabo and D. Lazer and K. Kaski and J. Kertesz and A.-L. Barabasi},
  year = {2007},
  title = {Structure and tie strengths in mobile communication networks},
  numpages = {5},
  volume = {104},
  pages = {7332--7336}
}



@inproceedings{mswlp-2011,
  author = {Mahalia Miller and Conal Sathi and Daniel Wiesenthal and Jure Leskovec and Christopher Potts},
  title = {{Sentiment Flow Through Hyperlink Networks}},
  booktitle = {Proceedings of the 5th International AAAI International Conference on Weblogs and Social Media (ICWSM 2011)},
  volume = {4858},
  year = {2011},
  pages = {281--286}
}


@ARTICLE{chb-2003,
  author = {R. Cohen and and S. Havlin and D. ben-Avraham},
  title = {{Efficient Immunization Strategies for Computer Networks and Populations}},
  journal = {Physical Review Letters},
  year = {2003},
  volume = {91},
  pages = {247901-1--247901-4}
}



@ARTICLE{mkcbh-2004,
  author = {N. Madar and T. Kalisky and R. Cohen and D. Ben-Avraham and S. Havlin},
  title = {{Immunization and Epidemic Dynamics in Complex Networks}},
  journal = {The European Physical Journal B},
  year = {2004},
  volume = {38},
  pages = {269--276}
}


@techreport{pbmw-1999,
          number = {1999-66},
           month = {November},
          author = {Lawrence Page and Sergey Brin and Rajeev Motwani and Terry Winograd},
            note = {Previous number = SIDL-WP-1999-0120},
           title = {The PageRank Citation Ranking: Bringing Order to the Web},
            type = {Technical Report},
       publisher = {Stanford InfoLab},
            year = {1999},
     institution = {Stanford InfoLab},
             url = {http://ilpubs.stanford.edu:8090/422/},
        abstract = {The importance of a Web page is an inherently subjective matter, which depends on the readers interests, knowledge and attitudes. But there is still much that can be said objectively about the relative importance of Web pages. This paper describes PageRank, a mathod for rating Web pages objectively and mechanically, effectively measuring the human interest and attention devoted to them. We compare PageRank to an idealized random Web surfer. We show how to efficiently compute PageRank for large numbers of pages. And, we show how to apply PageRank to search and to user navigation.}
}



@inproceedings{bp-1998,
  author = {Sergey Brin and Larry Page},
  title = {{The Anatomy of a Large-Scale Hypertextual Web Search Engine}},
  booktitle = {Proceedings of the Seventh International World Wide Web Conference (WWW 1998)},
  year = {1998},
  location = {Hyderabad, India}
}




@article{kleinberg-1999,
 author = {John M. Kleinberg},
 title = {Authoritative sources in a hyperlinked environment},
 journal = {Journal of the  ACM},
 volume = {46},
 issue = {5},
 year = {1999},
 pages = {604--632},
} 


@Article{gojkk-2002,
   author = {Kwang-Il Goh and Eulsik Oh and Hawoong Jeong and Byungnam Kahng and Doochul Kim},
   title = {Classification of Scale-Free Networks},
   journal = {Proceedings of the National Academy of Sciences (PNAS)},
   volume = 99,
   pages = {12583--12588},
   year = 2002
}


@inproceedings{ptvff-2010,
  author = {B. Prakash and H. Tong and N. Valler and M. Faloutsos and C. Faloutsos},
  title  = {{Virus Propagation on Time-Varying Networks:  Theory and Immunization Algorithms}},
  booktitle = {Proceedings of the 2010 European Conference on Machine Learning and Knowledge Discovery in Databases
               (ECML PKDD~2010)},
  year = {2010},
 location = {Barcelona, Spain},
 pages = {99--114}
}


@inproceedings{wcwf-2003,
  author = {Yang Wang and D. Chakrabarti and Chenxi Wang and C. Faloutsos},
  title  = {{On the Vulnerability of Large Graphs}},
  booktitle = {Proceedings of the 22nd International Symposium on Reliable Distributed Systems (RDS 2003)},
  year = {2003},
 pages = {25--34}
}



@inproceedings{gmt-2005,
  author = {A. Ganesh and L. Massoulie and D. Towsley},
  title  = {{On the Vulnerability of Large Graphs}},
  booktitle = {Proceedings of the 24th Annual Joint Conference of the IEEE Computer and Communications Societies (INFOCOM 2005)},
  year = {2005},
  volume = {2},
 pages = {1455--1466}
}


@ARTICLE{brandes-2001,
    author = {Ulrik Brandes},
    title = {A Faster Algorithm for Betweenness Centrality},
    journal = {Journal of Mathematical Sociology},
    year = {2001},
    volume = {25},
    pages = {163--177}
}


@article{newman-2001,
  author = {M. E. J. Newman},
  title  = {{Scientific collaboration networks. II. Shortest paths, weighted networks, and centrality}},
  journal = {Physical Review E},
  volume  = {64},
  year = {2001},
  pages = {016132-1--016132-7},
}


@article{newman-2005,
  author = {M. E. J. Newman},
  title  = {{A measure of betweenness centrality based
on random walks}},
  journal = {Social Networks},
  volume  = {27},
  year = {2005},
  pages = {39--54},
}


@ARTICLE{nr-2004,
    author = {Jae Dong Noh and Heiko Rieger},
    title = {Random Walks on Complex Networks},
    journal = {Physical Review Letters},
    year = {2004},
    volume = {92},
    pages = {118701-1--118701-4}
}



@article{freeman-1978,
  author = {Linton C. Freeman},
  title  = {{Centrality in social networks: conceptual clarification}},
  journal = {Social Networks},
  volume  = {1},
  year = {1978},
  pages = {215--239}
}


@article{freeman-1977,
  author = {Linton C. Freeman},
  title  = {{A Set of Measures of Centrality Based on Betweenness}},
  journal = {Sociometry},
  volume  = {40},
  year = {1977},
  pages = {35--41}
}



@article{holme-2004,
 author = {P. Holme},
 title = {Efficient local strategies for vaccination and network attack},
 journal = {Europhysics Letters},
 volume = {68},
 year = {2004},
 pages = {908--914},
} 



@inproceedings{ps-2010,
  author = {Kalyan Perumalla and Sudip Seal},
  title = {{Reversible Parallel Discrete-Event Execution of Large-Scale Epidemic Outbreak Models}},
  booktitle = {Proceedings of the 24th ACM/IEEE/SCS Workshop on Principles of Advanced and Distributed Simulation (PADS 2010)},
  year = {2010}
}


@article{ps-2012,
 author = {Kalyan S. Perumalla and Sudip K. Seal},
 title = {{Discrete Event Modeling and Massively Parallel Execution of Epidemic Outbreak Phenomena}},
 journal = {Simulation},
 volume = {88},
 year = {2012},
 pages = {768--783}
} 


@article{bhm+-2006,
  author    = {C. L. Barrett and
               H. B. Hunt III and
               M. V. Marathe and
               S. S. Ravi and
               D. J. Rosenkrantz and
               R. E. Stearns},
  title     = {{Complexity of Reachability Problems for Finite Discrete
               Dynamical Systems}},
  journal   = {J. Comput. Syst. Sci.},
  volume    = {72},
  number    = {8},
  year      = {2006},
  pages     = {1317--1345},
}

@article{bhm+-2008,
  author    = {C. L. Barrett and
               H. B. Hunt III and
               M. V. Marathe and
               S. S. Ravi and
               D. J. Rosenkrantz and
               R. E. Stearns and
               M. Thakur},
  title     = {{Predecessor Existence Problems for Finite 
                Discrete Dynamical Systems}},
  journal   = {Theoretical Computer Science},
  volume    = {386},
  number    = {1-2},
  year      = {2007},
  pages     = {3--37},
}

@article{bhm+-2003,
  author    = {C. L. Barrett and
               H. B. Hunt III and
               M. V. Marathe and
               S. S. Ravi and
               D. J. Rosenkrantz and
               R. E. Stearns},
  title     = {{Reachability problems for sequential dynamical
systems with threshold functions}},
  journal   = {Theoretical Computer Science},
  volume    = {295},
  year      = {2003},
  pages     = {41--64},
}

@article{bhm+-2003b,
  author    = {C. L. Barrett and
               H. B. Hunt III and
               M. V. Marathe and
               S. S. Ravi and
               D. J. Rosenkrantz and
               R. E. Stearns},
  title     = {{On Some Special Classes of Sequential Dynamical
Systems}},
  journal   = {Annals of Combinatorics},
  volume    = {7},
  year      = {2003},
  pages     = {381--408},
}



@article{bhm+-2011,
  author    = {C. L. Barrett and
               H. B. Hunt III and
               M. V. Marathe and
               S. S. Ravi and
               D. J. Rosenkrantz and
               R. E. Stearns},
  title     = {{Modeling and analyzing social network dynamics using stochastic
discrete graphical dynamical systems}},
  journal   = {Theoretical Computer Science},
  volume    = {412},
  year      = {2011},
  pages     = {3932--3946},
}



@BOOK{mortveitreidys-2007,
  title = {An Introduction to Sequential Dynamical Systems},
  year = {2007},
  author = {H. Mortveit and C. Reidys}
}


@book{gm-1990,
  author = {Eric Goles and Servet Martinez},
  title  = {Neural and Automata Networks},
  year   = {1990},
  publisher = {Kluwer Academic Publishers},
  address   = {Dordrecht, The Netherlands},
}


@INPROCEEDINGS{kmmk-2011,
  author = {C. Kuhlman and H. Mortveit and D. Murrugarra and V. Kumar},
  title = {{Bifurcations in Boolean Networks}},
  booktitle = {Discrete Mathematics and Theoretical Computer Science proceedings of the 17th International Workshop on Cellular Automata and Discrete Complex Systems (DMTCS Automata 2011)},
  month = {November},
  year = {2011},
  location = {Santiago, Chile},
  pages = {29--46}
}


@article{cjp-2009,
    author = {Sergio Currarini and Matthew O. Jackson and Paolo Pin},
    title = {An Economic Model of Friendship:  Homophily, Minorities, and Segregation},
    journal = {Econometrica},
    year = {2009},
    volume = {77},
    pages = {1003--1045}
}


@article{gj-2011,
    author = {Benjamin Golub and Matthew O. Jackson},
    title = {Network Structure and the Speed of Learning:  Measuring Homophily Based on its Consequences},
    journal = {Annals of Economics and Statistics},
    year = {2011},
    volume = {},
    note = {to appear, draft 11 March 2011}
}


@INPROCEEDINGS{wwtlsb-2011,
  author = {D. Wang and Z. Wen and H. Tong and C. Lin and C. Song and A. Barabasi},
  title = {{Information Spreading in Context}},
  booktitle = {Proceedings of the 20th International World Wide Web Conference (WWW 2011)},
  year = {2011},
  pages = {735-744},
  location = {Hyderabad, India}
}


@article{abbb+-2008,
    author = {K. Atkins and C. Barrett and R. Beckman and K. Bisset and J. Chen and S. Eubank and A. Feng and X. Feng and S. Harris and B. Lewis and A. Kumar and M. Marathe and A. Marathe and H. Mortveit and P. Stretz},
    title = {An Interaction Based Composable Architecture for Building Scalable Models of Large Social, Biological, Information and Technical Systems},
    journal = {CT Watch},
    year = {2008},
    volume = {4},
    pages = {46--53}
}



\iffalse
%%%%%%%%%%%%%%%%%%%%%%%%%%%%%%%%%%%%%%%%%

%%%  Commenting out a repeated entry. (This is done by removing the
%%%  'at' sign infront of the entry.)

inproceedings{bbkkmsdl-2009,
  author = {C. Barrett and R. Beckman and M. Kahn and V. Kumar and M. Marathe and P. Stretz and T. Dutta and B. Lewis},
  title = {{Generation and analysis of large synthetic social contact networks}},
  booktitle = {WSC 2009},
  year = {2009}
}
%%%%%%%%%%%%%%%%%%%%%%%%%%%%%%%%%%%%%%%%%
\fi



@article{mmsc-2011,
    author = {Gonzalo Martin and Maria-Cristina Marinescu and David E Singh and Jesus Carretero},
    title = {Leveraging social networks for understanding the evolution of epidemics},
    journal = {BioMedCentral Systems Biology},
    year = {2011},
    volume = {5},
    pages = {1--16}
}


@INPROCEEDINGS{mkgdb-2008,
  author = {A. Mislove and H. Koppula and K. Gummadi and Peter Druschel and B.
	Bhattacharjee},
  title = {{Growth of the Flickr Social Network}},
  booktitle = {Proc. WOSN Workshop},
  year = {2008},
  pages = {7--12},
  location = {San Diego, California}
}



@INPROCEEDINGS{mmgdb-2007,
  author = {A. Mislove and M. Marcon and K. Gummadi and P. Druschel and B. Bhattacharjee},
  title = {{Measurement and Analysis of Online Social Networks}},
  booktitle = {Proc. ICM},
  year = {2007},
  pages = {7--12},
  location = {San Diego, California}
}


@INPROCEEDINGS{vmcg-2009,
  author = {B. Viswanath and A. Mislove and M. Cha and K. Gummadi},
  title = {{On the Evolution of User Interaction in Facebook}},
  booktitle = {Proc. WOSN Workshop},
  year = {2009},
  pages = {7--12},
  location = {Barcelona, Spain}
}


@INPROCEEDINGS{yhc-2008,
  author = {E. Yoneki and P. Hui and J. Crowcroft},
  title = {{Distinct Types of Hubs in Human Dynamic Networks}},
  booktitle = {(SocialNets '08)},
  year = {2008},
  pages = {7--12},
  location = {Glasgow, Scotland}
}



@article {berejikian-1992,
  author =  {J. Berejikian},
  title =   {{Revolutionary Collective Action and the Agent-Structure Problem}},
  journal = {The American Political Science Review},
  volume = {86},
  number = {3},
  pages = {647--657},
  year =    {1992}
}  



@article {goldstone-1980,
  author =  {Jack A. Goldstone},
  title =   {{Theories of Revolution:  The Third Generation}},
  journal = {World Politics},
  volume = {32},
  number = {3},
  pages = {425--453},
  year =    {1980}
}  


@article {goldstone-1982,
  author =  {Jack A. Goldstone},
  title =   {{The Comparative and Historical Study of Revolutions}},
  journal = {Annual Review of Sociology},
  volume = {8},
  pages = {187--207},
  year =    {1982}
}  

@article {goldstone-2001,
  author =  {Jack A. Goldstone},
  title =   {{Toward a Fourth Generation of Revolutionary Theory}},
  journal = {Annual Review of Political Science},
  volume = {4},
  pages = {139--187},
  year =    {2001}
}  



@Article{siegel:jp-2011,
   author = {D. Siegel},
   title = {When Does Repression Work?  Collective Action in Social Networks},
   journal = {Journal of Politics},
   volume = 73,
   pages = {993--1010},
   year = 2011
}



@article{yin-1998,
   author = {C. Yin},
   title = {Equilibria of Collective Action in Different Distributions of Protest Threshold},
   journal = {Public Choice},
   volume = 97,
   pages = {536--567},
   year = 1999
}


@MISC{dm-2001,
    author = {Daniel Diermeier and Jan A. Van Mieghem},
    title = {Spontaneous Collective Action},
    year = {2001}
}
   %note = {\url{http://citeseerx.ist.psu.edu/viewdoc/summary?doi=10.1.1.201.4932}}



@BOOK{porta-1995,
  title = {Social Movements, Political Violence, and the State:  A Comparative Analysis of Italy and Germany},
  author = {Donatella Della Porta},
  publisher = {Cambridge University Press},
  year = {1995}
}

@book{kkdg-1995,
  title = {New Social Movements in Western Europe:  A Comparative Analysis},
  author = {Hanspeter Kriesi and Ruud Koopmans and Jan Willem Duyvendak and Marco G. Giugni},
  publisher = {University of Minnesota Press},
  year = {1995}
}



@article{stv-2008,
  author = {F. Santonja and A. Tarazona and R. Villanueva},
  title = {{A mathematical model of the pressure of an extreme ideology
on a society}},
  journal = {Computers and Mathematics with Applications},
  volume = {56},
  pages = {836--846},
  year = {2008}
}


@article{ss-2006,
  author = {D. Stauffer and M. Sahimi},
  title = {{Discrete Simulations of the Dynamics of Spread of Extreme Opinions in a Society}},
  journal = {Physica A},
  volume = {364},
  pages = {537--543},
  year = {2006}
}


@INPROCEEDINGS{fzk-2011,
  author = {N. Fridman and T. Zilberstein and G. Kaminka},
  title = {{Predicting Demonstrations' Violence Level Using Qualitative Reasoning}},
  booktitle = {Proceedings of the 4th International Conference on Social Computing, Behavioral-Cultural Modeling, and Prediction (SBP 2011)},
  year = {2011},
  pages = {42--50}
}


@INPROCEEDINGS{baammrs-2011,
  author = {R. Breiger and G. Ackerman and V. Asal and D. Melamed and H. Milward and R. Rethemeyer and E. Schoon},
  title = {{Application of a Profile Similarity Method for Identifying Terrorist Groups That Use or Pursue CBRN Weapons}},
  booktitle = {Proceedings of the 4th International Conference on Social Computing, Behavioral-Cultural Modeling, and Prediction (SBP 2011)},
  year = {2011},
  pages = {26--33}
}


@MISC{dsp-2001,
    author = {J. Epstein and J. Steinbruner and M. Parker},
    title = {{Modeling Civil Violence:  An Agent-Based Computational Approach}},
    year = {2001},
    note = {{Brookings Institution Working Paper No. 20}}
}


@article {kroeber-1996,
  author =  {C. Kroeber},
  title =   {{Theory and History of Revolution}},
  journal = {Journal of World History},
  volume = {7},
  number = {1},
  pages = {21--40},
  year =    {1996}
}  


@article{gn-1964,
author = {W. Goffman and V. Newell},
title = {{Generalizatin of Epidemic Theory:  An Application to the Transmission of Ideas}},
journal ={Nature},
volume = {204},
year = {1964},
pages = {225-228}
}


@INCOLLECTION{cs-2003,
  author = {C. Castillo-Ch´avez and B. Song},
  title = {{Models for the transmission dynamics of fanatic behaviors}},
  booktitle = {Bioterrorism: Mathematical Modeling Applications in Homeland Security; in SIAM Frontiers in Applied Mathematics},
  publisher = {SIAM},
  year = {2003},
  editor = {H. Banks and C. Castill-Cha´vez},
  pages = {155-172}
}




@inproceedings{wsc-2011,
  author = {J. Woo and J. Son and H. Chen},
  title = {{An SIR Model for Violent Topic Diffusion
in Social Media}},
  booktitle = {IEEE International Conference on Intelligence and Security Informatics (ISI 2011)},
  pages = {15--19},
  year = {2011}
}


@article{bckc-2006,
  author = {L. Bettencourta and A. Cintro´n-Arias and D. Kaiserd and C. Castillo-Cha´vez},
  title = {{The power of a good idea: Quantitative modeling of the spread
of ideas from epidemiological models}},
  journal = {Physica A},
  volume = {364},
  pages = {513--536},
  year = {2006}
}


@article{cynb-2010,
  author = {A. Cherif and H. Yoshioka and W. Ni and P. Bose},
  title = {Terrorism: Mechanism of Radicalization Process, Control
of Contagion and Counter-Terrorist Measures},
  journal = {arXiv physics.soc-ph},
  year = {2010}
}


@article{ss-2007,
  author = {D. Stauffer and M. Sahimi},
  title = {{Can a Few Fanatics Influence the Opinion of a Large Segment of a Society?}},
  journal = {European Phys. J. B},
  volume = {57},
  pages = {146--152},
  year = {2007}
}


@article{gj-2009,
  author = {Benjamin Golub and Matthew O. Jackson},
  title  = {{Using selection bias to explain the observed
structure of Internet diffusions}},
  journal = {Proceedings of the National Academy of Sciences (PNAS)},
  year = {2007},
  note = {PNAS Early Edition, www.pnas.org/cgi/doi/10.1073/pnas.1000814107 }
}


@article{liben:pnas-2008,
  author = {David Liben-Nowell and Jon Kleinberg},
  title  = {{Tracing information flow on a global scale using Internet chain-letter data}},
  journal = {Proceedings of the National Academy of Sciences (PNAS)},
  volume  = {105},
  number  = {12},
  year = {2008},
  pages = {4633--4638},
}

@Article{gould-1993,
   author = {Roger V. Gould},
   title = {Collective Action and Network Structure},
   journal = {American Sociological Review},
   volume = 58,
   pages = {182--196},
   year = 1993
}



@INCOLLECTION{diani-2003,
  author = {Mario Diani},
  title = {{Introduction:  Social Movements, Contentious Actions, and Social Networks:  `From Metaphor to Substance'?}},
  booktitle = {Comparative Politics:  Social Movements and Networks},
  publisher = {Oxford University Press},
  year = {2003},
  editor = {Mario Diani and Doug McAdam},
  pages = {1--20}
}




@article {macy-1993a,
  author =  {Michael W. Macy},
  title =   {{Backward-Looking Social Control}},
  journal = {American Sociological Review},
  volume = {58},
  pages = {819--836},
  year =    {1993}
}  



@Article{dm-2012,
   author = {Sanmay Das and Malik Magdon-Ismail},
   title = {A Model for Information Growth in Collective Wisdom Processes},
   journal = {ACM Transactions on Knowledge Discovery from Data},
   year = {2012},
   note = {to appear}
}



@article{tm-2008,
author = {Troy Tassier and Filippo Menczer},
title = {{Social network structure, segregation, and equality
in a labor market with referral hiring}},
journal ={Journal of Economic Behavior \& Organization},
volume = {66},
year = {2008},
pages = {514--528}
}


@article{rw-1979,
author = {G. Runger and Stanley Wasserman},
title = {{Longitudinal analysis of friendship networks}},
journal ={Social Networks},
volume = {2},
year = {1979},
pages = {143--154}
}



@article{zeggelink-1994,
author = {Evelien Zeggelink},
title = {{Dynamics of structure: An individual-oriented approach}},
journal ={Social Networks},
volume = {16},
year = {1994},
pages = {295--333}
}


@article{zeggelink-1995,
author = {Evelien Zeggelink},
title = {{Evolving friendship networks: An individual-oriented approach implementing similarity}},
journal ={Social Networks},
volume = {17},
year = {1995},
pages = {83--110}
}



@article{sbs-2010,
author = {T. Snijders and G. van de Bunt and C. Steglich},
title = {{Introduction to Stochastic Actor-Based Models for Network Dynamics}},
journal ={Social Networks},
volume = {32},
year = {2010},
pages = {44--60}
}



@inproceedings{dlp-2011,
  author = {Wen Dong and Bruno Lepri and Alex Pentland},
  title = {{Modeling Co-Evolution of Behavior and Social Relationships Using Mobile Phone Data}},
  booktitle = {Proceedings of the Mobile and Ubiquitous Multimedia (MUM 2011)},
  year = {2011},
  pages = {134--143}
}


@INPROCEEDINGS{dhp-2012,
  author = {Wen Dong and Katherine Heller and Alex Pentland},
  title = {{Modeling Infection with Multi-Agent Dynamics}},
  booktitle = {Proceedings of the 2012 International Conference on Social Computing, Behavioral-Cultural Modeling, and Prediction (SBP12)},
  year = {2012}
}



@INCOLLECTION{om-2003a,
  author = {Pamela E. Oliver and Daniel J. Myers},
  title = {{Networks, Diffusion, and Cycles of Collective Action}},
  booktitle = {Comparative Politics:  Social Movements and Networks},
  publisher = {Oxford University Press},
  year = {2003},
  editor = {Mario Diani and Doug McAdam},
  pages = {173--203}
}


@article{pe-2011,
author = {Jon Parker and Joshua Epstein},
title = {{A Distributed Platform for Global-Scale Agent-Based Models of Disease Transmission}},
journal ={(ACM TOMACS 2011)},
volume = {22},
year = {2011}
}


@article{aumann-1976,
author = {Robert J. Aumann},
title = {{Agreeing to Disagree}},
journal ={The Annals of Statistics},
volume = {4},
year = {1976},
pages = {1236--1239}
}


@inproceedings{tw-1986,
 author = {Tan, Tommy Chin-Chiu and Da Costa Werlang, S{\'e}rgio Ribeiro},
 title = {Summary of "on Aumann's notion of common knowledge": "an alternative approach"},
 booktitle = {Proceedings of the 1986 conference on Theoretical aspects of reasoning about knowledge},
 series = {TARK '86},
 year = {1986},
 pages = {253--258},
} 


@article{hm-1990,
author = {Joseph Y. Halpern and Yoram Moses},
title = {{Knowledge and Common Knowledge in a Distributed Environment}},
journal ={Journal of the ACM (JACM)},
volume = {37},
year = {1990},
pages = {549--587}
}


@article{bgk-2007,
author = {Pranab Bardhan and Maitreesh Ghatak and Alexander Karaivanov},
title = {{Wealth inequality and collective action}},
journal ={Journal of Public Economics},
volume = {91},
year = {2007},
pages = {1843--1874}
}


@article{bbchmms-1994,
author = {William Sims Bainbridge and Edward E. Brent and Kathleen M. Carley and David R. Heise and Michael W. Macy and Barry Markovsky and John Skvoretz},
title = {{Artificial Social Intelligence}},
journal ={Annual Review Sociology},
volume = {20},
year = {1994},
pages = {407--436}
}




@article{om-2003b,
author = {Pamela E. Oliver and Daniel J. Myers},
title = {{The Coevolution of Social Movements}},
journal ={Mobilization},
volume = {8},
year = {2003},
pages = {1--24}
}



@INPROCEEDINGS{cbmvy-2011,
    author = {Karthik Channakeshava and Keith Bisset and Madhav V. Marathe and V. S. Anil Kumar and Shrirang Yardi},
    title = {High performance scalable and expressive modeling environment to study mobile malware in large dynamic networks},
    booktitle = {Proceedings of 25th IEEE International Parallel \& Distributed Processing Symposium (IPDPS 2011)},
    pages = {770--781},
    year = {2011},
}



@inproceedings{hmwg-2009,
    author = {Cindy Hui and Malik Magdon-Ismail and William A. Wallace and Mark Goldberg},
    title = {The Impact of Changes in Network Structure on Diffusion of Warnings},
    booktitle = {Proceedings of the Workshop on Analysis of Dynamic Networks at SIAM International Conference on Data Mining (ICDM 2009)},
    year = {2009}
}




@inproceedings{aehisww-2010,
  author = {S. Adali and R. Escriva and M. Hayvanovych and M. Magdon-Ismail and B. Szymanski and W. Wallace and G. Williams},
  title  = {{Measuring Behavioral Trust in Social Networks}},
  booktitle = {IEEE International Conference on Intelligence and Security Informatics (ISI 2010)},
  year = {2010},
  location = {},
  pages = {},
}



@inproceedings{mig-2008,
  author = {Konstantin Mertsalov and Malik Magdon-Ismail and Mark Goldberg},
  title  = {{Models of Communication Dynamics for Simulation of Information Diffusion}},
  booktitle = {Proceedings of Advances in Social Networks Analysis and Mining (ASONAM 2009)},
  year = {2008},
  location = {},
  pages = {44-49},
}

 
@inproceedings{hgiw-2010,
  author = {Cindy Hui and Mark Goldberg and Malik Magdon-Ismail and William A. Wallace},
  title  = {{Agent-Based Simulation of the Diffusion of Warnings}},
  booktitle = {Agent-Directed Simulation Symposium (ADS '10) as part of the 2010 Spring Simulation MultiConference (SpringSim '10)},
  year = {2010},
  location = {Orlando, Florida},
  pages = {},
}


@article{kpan-2011,
  author = {Keyao Pan},
  title  = {{Understanding Original Antigenic Sin in Influenza with a
Dynamical System}},
  journal = {PLoS ONE},
  volume  = {6},
  number  = {},
  year = {2011},
  pages = {e23910-1--e23910-13}
}



@incollection{macy-1993b,
  author    = {Michael W. Macy}, 
  title     = {{Social Learning and the Structure of Collective Action}},
  booktitle = {Advances in Group Processes},
  editor    = {Edward J. Lawler and Barry Markovsky and Karen Heimer and Jodi O'Brien},
  publisher = {JAI Press},
  volumne   = {10},
  year      = {1993},
  pages     = {1--35},
}


@inproceedings{mo-2012,
    author = {Malik Magdon-Ismail and Brian Orecchio},
    title = {Guard Your Connections: Infiltration of a Trust/Reputation Based Network},
    booktitle = {Proceedings of the 2012 ACM WebSci Conference (WebSci 2012)},
    year = {2012},
    pages = {}
}



@misc{mwgp-2011,
  author = {Sergey Melnik and Jonathan A. Ward and James P. Gleeson and Mason A. Porter},
  title  = {Multi-Stage Complex Contagions},
  year = {2011},
  pages = {1--12},
  note = {appears as ArXiv arXiv:1111.1596}
}


@article{krv-2011,
  author = {P. L. Krapivsky and S. Redner and D. Volovik},
  title  = {{Reinforcement-Driven Spread of Innovations and Fads}},
  journal = {Journal of Statistical Mechanics:  Theory and Experiment},
  volume  = {2011},
  number = {12},
  year = {2011},
  pages = {P12003-1--P12003-12},
}



@article{dc-2011,
  author = {Luca Dall Asta and Claudio Castellano},
  title  = {{Effective Surface-ension in the Noise-Reduced Voter Model}},
  journal = {Europhys. Lett.},
  volume  = {77},
  number = {12},
  year = {2011},
  pages = {60005p1--60005p6},
}


@article{bh-2005,
author = {Nils A. Baas and Torbjorn Helvik},
title = {{Higher Order Cellular Automata}},
journal ={Advances in Complex Systems},
volume = {8},
year = {2005},
pages = {169--192}
}




@incollection{diani-2011,
  author    = {Mario Diani}, 
  title     = {{Social Movements and Collective Action}},
  booktitle = {The SAGE Handbook of Social Network Analysis},
  editor    = {John Scott and Peter J. Carrington},
  year      = {2011},
  pages     = {223--235},
}


@article{tjf-2008,
author = {Karoly Takacs and Bela Janky and Andreas Flache},
title = {{Collective action and network change}},
journal ={Social Networks},
volume = {30},
year = {2008},
pages = {177--189}
}


@article {hfel-2008,
  author =      "M. Halloran and N. Ferguson and S. Eubank, I. Longini and D. Cummings and B. Lewis and S Xu and C. Fraser and A. Vullikanti and T. Germann and D. Wagener and R. Beckman and K. Kadau and C. Barrett and C. Macken and D. Burke and P. Cooley",
  title =       "Modeling Targeted Layered Containment of an Influenza Pandemic in the United States",
  journal =     "PNAS",
  volume =      "105",
  number =      "12",
  pages =       "4639-4644",
  year =        "2008"
  }


@INPROCEEDINGS{bfmy-2009,
  author = {K. Bisset and X. Feng and M. Marathe and S. Yardi},
  title = {{Modeling Interaction Between Individuals, Social Networks, and Public Policy to Support Public Health Epidemiology}},
  booktitle = {Proceedings of the 2009 Winter Simulation Conference},
  year = {{2009}},
  pages = {2020--2031},
}
editor = {M. Rossetti and R. Hill and B. Johansson and A. Dunkin and R. Ingalls}


@Article{ydk-2011,
   author = {Teruhiko Yoneyama and Sanmay Das and Mukkai Krishnamoorthy},
   title = {A Hybrid Model for Disease Spread and an Application to the SARS Pandemic},
   journal = {Journal of Artificial Societies and Social Simulation},
   year = {2011},
   note = {to appear}
}


@article{ac-2012,
 author    = {Dustin Arendt and Yang Cao},
 title     = {Efective GPU Acceleration of Large Scale, Asynchronous Simulations on Graphs},
 journal   = {Advances in Complex Systems},
 volume    = {15},
 number    = {4},
 pages     = {1250035-1--1250035-20},
 year      = {2012}
}



@inproceedings{tnt-2012,
author = {Jason Tsai and Thanh H. Nguyen and Milind Tambe},
title = {Security Games for Controlling Contagion},
booktitle = {Proceedings of the National Conference on Artificial Intelligence (AAAI 2012)}, 
year = {2012}
}



@incollection{carrington-2011,
  author    = {Peter J. Carrington}, 
  title     = {{Crime and Social Network Analysis}},
  booktitle = {The SAGE Handbook of Social Network Analysis},
  editor    = {John Scott and Peter J. Carrington},
  publisher = {SAGE},
  year      = {2011},
  pages     = {236--255},
}


@incollection{vanDerHulst-2011,
  author    = {Renee C. van der Hulst}, 
  title     = {{Terrorist Networks:  The Threat of Connectivity}},
  booktitle = {The SAGE Handbook of Social Network Analysis},
  editor    = {John Scott and Peter J. Carrington},
  publisher = {SAGE},
  year      = {2011},
  pages     = {256--270},
}



@incollection{snijders-2011,
  author    = {Tom Snijders}, 
  title     = {{Network Dynamics}},
  booktitle = {The SAGE Handbook of Social Network Analysis},
  editor    = {John Scott and Peter J. Carrington},
  publisher = {SAGE},
  year      = {2011},
  pages     = {501--513},
}



@incollection{robins-2011,
  author    = {Garry Robins}, 
  title     = {{Exponential Random Graph Models for Social Networks}},
  booktitle = {The SAGE Handbook of Social Network Analysis},
  editor    = {John Scott and Peter J. Carrington},
  publisher = {SAGE},
  year      = {2011},
  pages     = {484--500},
}


@article{rpkl-2007,
 author    = {Garry Robins and Pip Pattison and Yuval Kalish and Dean Lusher},
 title     = {An Introduction to Exponential Random Graph (p*) Models},
 journal   = {Social Networks},
 volume    = {29},
 pages     = {173--191},
 year      = {2007}
}



@inproceedings{ksn-2007,
author = {Masahiro Kimura and Kazumi Saito and Ryohei Nakano},
title = {Extracting Influential Nodes for Information Diffusion on a Social Network},
booktitle = {Proceedings of the National Conference on Artificial Intelligence (AAAI 2007)}, 
pages = {1371--1376},
year = {2007}
}

@INPROCEEDINGS{aaab-2012,
  author = {Sherif Elmeligy Abdelhamid and Richard Alo and S. M. Arifuzzaman and Pete Beckman and Md Hasanuzzaman Bhuiyan and
Keith Bisset and Edward A. Fox and Geoffrey C. Fox and Kevin Hall and S.M.Shamimul Hasan and Anurodh Joshi and
Maleq Khan and Chris J. Kuhlman and Spencer Lee and Jonathan P. Leidig and Hemanth Makkapati and Madhav V. Marathe and
Henning S. Mortveit and Judy Qiu and S.S. Ravi and Zalia Shams and Ongard Sirisaengtaksin and
Rajesh Subbiah and Samarth Swarup and Nick Trebon and Anil Vullikanti and Zhao Zhao},
  title = {{CINET:  A CyberInfrastructure for Network Science}},
  booktitle = {8th IEEE International Conference on eScience},
  year = {{2012}}
}


-------------------------------------

-------------------------------------

@inproceedings{klpm-2010,
  author    = {Haewoon Kwak and Changhyun Lee and Hosung Park and Sue Moon},
  title     = {{What is Twitter, a Social Network or a News Media}},
  booktitle = {(WWW~2010)},
  year      = {2010},
  location  = {},
  pages     = {},
}


@inproceedings{bekkt-2011,
  author    = {Lawrence Blume and David Easley and Jon Kleinberg and Robert Kleinberg and Eva Tardos},
  title     = {{Which Networks Are Least Susceptible to Cascading Failures}},
  booktitle = {(FOCS~2011)},
  year      = {2011},
  location  = {},
  pages     = {393--402},
}


@article{dc-2007,
 author    = {Sanjiv R. Das and Mike Y. Chen},
 title     = {Yahoo! for Amazon:  Sentiment Extraction from Small Talk on the Web},
 journal   = {Management Science},
 volume    = {53},
 pages     = {1375--1388},
 year      = {2007}
}




@article{grmpe-2012,
    author = {Przemyslaw A. Grabowicz and Jose J. Ramosco and Esteban Moro and Josep M. Pujol and Victor M. Eguiluz},
    title = {Social Features of Online Networks:  The Strength of Intermediary Ties in Online Social Media},
    journal = {PLoS ONE},
    year = {2012},
    volume = {7},
    pages = {e29358-1--e29358-9}
}


  
@article{bfjkmsf-2012,
  author = {Robert M. Bond and Christopher J. Fariss and Jason J. Jones and Adam D. I. Kramer and Cameron Marlow and Jaime E. Settle and James H. Fowler},
  title = {{A 61-million-person experiment in a social influence and political mobilization}},
  journal = {Nature},
  year = {2012},
  volume = {489},
  pages = {295--298}
}


@INPROCEEDINGS{bbkkmsdl-2009,
  title = {{Generation and Analysis of Large Synthetic Social Contact Networks}},
  author = {Christopher Barrett and Richard Beckman and Maleq Khan and V.S. Anil Kumar and
Madhav Marathe and Paula Stretz and Tridib Dutta and Bryan Lewis},
  booktitle = {(WSC 2009)},
  year = {2009}
}



@INPROCEEDINGS{mbk-2010,
  author = {Michael Mathioudakis and Nilesh Bansal and Nick Koudas},
  title = {{Identifying, Atributing, and Describing Spatial Bursts}},
  booktitle = {Proceedings of the VLDB Endowment},
  year = {2010},
  pages = {1091--1102}
}



@article{gould:asr-1991,
   author = {Roger V. Gould},
   title = {Multiple Networks and Mobilization in the Paris Commune, 1871},
   journal = {American Sociological Review},
   volume = 56,
   pages = {716--729},
   year = 1991
}

@article{borner-2011,
  author = {Katy Borner},
  title  = {{Plug-and-Play Macroscopes}},
  journal = {Communications of the ACM},
  volume  = {54},
   pages = {60--68},
  year = {2011}
}

@article{mf-1993,
  author = {Peter V. Marsden and Noah E. Friedkin},
  title  = {{Network Studies of Social Influence}},
  journal = {Sociological Methods \& Research},
  volume  = {22},
   pages = {127--151},
  year = {1993}
}

@article{mcs-2007,
  author = {Winter A. Mason and Frederica R. Conrey and Eliot R. Smith},
  title  = {{Situating Social Influence Processes:  Dynamic, Multidirectional 
Flows of Influence Within Social Networks}},
  journal = {Personality and Social Psychology Review},
  volume  = {11},
   pages = {279--300},
  year = {2007}
}


@inproceedings{lpcs-2004,
    author = {Philip Levis and Neil Patel and David Culler and Scott Shenker},
    title = {Trickle: A Self-Regulating Algorithm for Code Propagation and Maintenance in Wireless Sensor Networks},
    booktitle = {(NSDI 2004)},
    year = {2004},
    pages = {15--28}
}

@article{ydbyh-2011,
  author = {Yin Ye and Zhihui Du and David A. Bader and Quan Yang and Weiwei Huo},
  title  = {{GPUMemSort: A High Performance Graphics Co-processors Sorting Algorithm
for Large Scale In-Memory Data}},
  journal = {GSTF International Journal on Computing},
  volume  = {1},
   pages = {23--28},
  year = {2011}
}


@article{bader-2010,
  author = {David A. Bader},
  title  = {{Analyzing Massive Social Networks using Multicore and Multithreaded Architectures}},
  journal = {Facing the Multicore-Challenge: Aspects of New Paradigms and Technologies in Parallel Computing, Lecture Notes in Computer Science},
  volume  = {6310},
   pages = {23--28},
  year = {2010}
}

@incollection{bader-2011,
year={2011},
booktitle={Facing the Multicore-Challenge},
volume={6310},
series={Lecture Notes in Computer Science},
title={Analyzing Massive Social Networks Using Multicore and Multithreaded Architectures},
author={Bader, David},
pages={1-1}
}


@inproceedings{bm-2011b,
  author = {Aydın Buluç and Kamesh Madduri},
  title = {{Parallel Breadth-First Search on Distributed Memory Systems}},
  booktitle = {Proceedings of the 2011 ACM/IEEE Conference on Supercomputing},
  year = {2011}
}

@article{kk-1998,
   author = {George Karypis and Vipin Kumar},
   title  = {A fast and high quality multilevel scheme for 
             partitioning irregular graphs},
    journal = {SIAM J. Scientific Computing},
    volume  = {20}, 
    number  = {1}, 
    year    = {1998}, 
    pages   = {359--392},
}

@article{ces-1971,
   author = {Edward Coffman and Michael Elphick and Ari Shoshani},
   title  = {System Deadlocks},
   journal = {Computing Surveys},
   volume  = {3},
   year    = {1971},
   pages   = {67--78},
}


@article{wsswcdgw-2010,
author = {G. Wang and M. Salles and B. Sowell and X. Wang and T. Cao and A. Demers and J. Gehrke and W. White},
title = {{Behavioral Simulations in MapReduce}},
journal ={Proceedings of the VLDB Endowment},
volume = {3},
number = {1},
year = {2010},
pages = {952--963}
}


@inproceedings{tw-2004,
  author    = {Seth Tisue and Uri Wilenski},
  title     = {{NetLogo:  A Simple Environment for Modeling Complexity}},
  booktitle = {International Conference on Complex Systems},
  publisher = {Appears as http://ccl.northwestern.edu/papers/netlogo-iccs2004.pdf.}
}
%  note = { \texttt{http://ccl.northwestern.edu/papers/netlogo-iccs2004.pdf}.}


@article{mn-2010,
author = {C. Macal and M. North},
title = {{Tutorial on Agent-Based Modelling and Simulation}},
journal ={J. of Simulation},
volume = {4},
year = {2010},
pages = {151--162}
}

@techreport{aabe-2012,
author = {Steffen Angenendt and Muriel Asseburg and Andre Bank and Asiem El Difraoui
and Ulrike Freitag and Iris Glosemeyer and Wofram Lacher and Katja Niethammer
and Volker Perthes and Walter Posch and Stephan Roll and Johannes Thimm
and Kirsten Westphal},
title = {Protest, Revolt, and Regime Change in the Arab World
2012},
institution={German Institute for International and Security Affairs},
year = {2012}
}


@techreport{yesm-2012,
author = {Amos Yadlin and Oded Eran and Shimon Stein and Zvi Magen and Yoram Schweitzer and Shlomo Brom and Ephraim Kam and Yeol Guzansky and Benedetta Berti and Gallia Lindenstrauss and David Friedman and Ephraim Asculai and Emily B. Landau and Anat Kurz and Gabi Siboni and Mark Heller},
title={One year of the Arab Spring:  Global and Regional Implications},
institution={The Institute for National Security Studies},
year = {2012}
}




@inproceedings{sv-2011,
  author    = {Siddharth Suri and Sergei Vassilvitskii},
  title     = {{Counting Triangles and the Curse of the Last Reducer}},
  booktitle = {(WWW~2011)},
  year      = {2011},
  location  = {},
  pages     = {607--614},
}



@article{bcgmbo-2010,
author = {Doruk Bozdag and Umit V. Catalyurek and Assefaw H. Gebremedhin and Fredrik Manne and Erik G. Boman and Fusun Ozguner},
title = {{Distributed-Memory Parallel Algorithms for Distance-2 Coloring and Related Problems in Derivative Computation}},
journal ={SIAM Journal of Scientific Computing},
volume = {32},
year = {2010},
pages = {2418--2446}
}




@article{fj-1999,
author = {Noah E. Friedkin and Eugene C. Johnson},
title = {{Social Influence Networks and Opinion Change}},
journal ={Advances in Group Processes},
volume = {16},
pages = {1--29},
year = {1999}
}



@article{klofstad-2007,
author = {Casey Klofstad},
title = {{Talk Leads to Recruitment:  How Discussions about Politics and Current Events Increase Civic Participation}},
journal ={Political Research Quarterly},
volume = {60},
pages = {180-191},
year = {2007}
}





-------------------------------------
-------------------------------------




@article{newman-2002,
  author = {M. E. J. Newman},
  title = {{Spread of epidemic disease on networks}},
  journal = {Physical Review E},
  year = {2002},
  volume = {66},
  pages = {016128-1--06128-11}
}





@article{cdprs-2011,
  author = {Carmen C. Centeno and Mitre C. Dourado and Lucia Draque Penso and Dieter Rautenbach and Jayme L. Szwarcfiter},
  title = {{Irreversible conversion of graphs}},
  journal = {Theoretical Computer Science},
  year = {2011},
  volume = {412},
  pages = {3693--3700}
}



@article{reichman-2012,
  author = {Daniel Reichman},
  title  = {{New bounds for contagious sets}},
  journal = {Discrete Mathematics},
  volume  = {312},
  year = {2012},
  pages = {1812--1814}
}


@article{abw-2010,
  author = {Eyal Ackerman and Oren Ben-Zwi and Guy Wolkovitz},
  title = {{Combinatorial model and bounds for target set selection}},
  journal = {Theoretical Computer Science},
  year = {2010},
  volume = {411},
  pages = {4017--4022}
}


@inproceedings{zzw-2009,
 author = {Zou, Feng and Zhang, Zhao and Wu, Weili},
 title = {Latency-Bounded Minimum Influential Node Selection in Social Networks},
 booktitle = {Proceedings of the 4th International Conference on Wireless Algorithms, Systems, and Applications (WASA 2009)},
 series = {WASA '09},
 year = {2009},
 isbn = {978-3-642-03416-9},
 location = {Boston, MA},
 pages = {519--526},
 numpages = {8},
 url = {http://dx.doi.org/10.1007/978-3-642-03417-6_51},
 doi = {10.1007/978-3-642-03417-6_51},
 acmid = {1615588},
 publisher = {Springer-Verlag},
 address = {Berlin, Heidelberg},
 keywords = {Social network, influential nodes selection, information diffusion},
} 

@inproceedings{ck-2012,
author = {Praphul Chandra and Arun Kalyanasundaram},
title = {A Network Pruning Based Approach for Subset-Specific Influential Detection},
booktitle = {In Proceedings of the 2012 ACM Web Science Conference (WebSci 2012)},
location = {Evanston, IL},
    year = {2012}
}



@article{kleinberg-2007b,
  author = {Jon Kleinberg},
  title = {{Computing:  The Wireless Epidemic}},
  journal = {Nature},
  year = {2007},
  volume = {449},
  pages = {287--288}
}



@article{house:interface-2011,
  author = {Thomas House},
  title = {Modelling behavioural contagion},
  journal = {Journal of the Royal Society Interface},
  year = {2011},
  volume = {8},
  pages = {909--912}
}



@article{mcadam:ajs-1986,
  author = {Doug McAdam},
  title = {Recruitment to High-Risk Activism--The Case of Freedom Summer},
  journal = {American Journal of Sociology},
  volume = {92},
  pages = {64--90},
  year = {1986}
}



@inproceedings{clz-2012,
author = {Wei Chen and Wei Lu and Ning Zhang},
title = {Time-Critical Influence Maximization in Social Networks with Time-Delayed Diffusion Processes},
booktitle = {Proceedings of the National Conference on Artificial Intelligence (AAAI 2012)}, 
year = {2012}
}


@book{wf-1994,
  author = {Stanley Wasserman and Katherine Faust},
  title  = {Social Network Analysis:  Methods and Applications},
  year   = {1994},
  publisher = {Cambridge University Press}
}




@techreport{hk-2003,
          number = {7056},
          author = {Taher Haveliwala and Sepandar Kamvar},
           title = {The Second Eigenvalue of the Google Matrix},
            type = {Technical Report},
       publisher = {Stanford University},
            year = {2003},
     institution = {Stanford University}
}


@article{bonacich-1972,
   author = {Phillip Bonacich},
   title = {Factoring and Weighting Approaches to Status Scores and Clique Indentification},
   journal = {Journal of Mathematical Sociology},
   volume = {2},
   pages = {113--120},
   year = {1972}
}


@article{bonacich-2007,
   author = {Phillip Bonacich},
   title = {Some unique properties of eigenvector centrality},
   journal = {Social Networks},
   volume = {29},
   pages = {555--564},
   year = {2007}
}


@INPROCEEDINGS{kkmrr-2011,
  author = {C. Kuhlman and V. Kumar and M. Marathe and S. Ravi and D. Rosenkrantz},
  title = {Effects of Opposition on the Diffusion of Complex Contagions in Social Networks: An
Empirical Study},
  booktitle = {Proceedings of the 2011 International Conference on Social Computing, Behavioral-Cultural Modeling, and Prediction (SBP11)},
  year = {2011},
  location = {College Park, Maryland},
  pages = {188--196}
}

@book{kt-2006,
  author = {Jon Kleinberg and Eva Tardos},
  title  = {Algorithm Design},
  year   = {2006},
  publisher = {Pearson Education}
}

@MISC{shmoys-1996,
    author = {David B. Shmoys},
    title = {Cut Problems And Their Application To Divide-And-Conquer},
    year = {1996}
}


@INPROCEEDINGS{shmoys-1995,
    author = {David B. Shmoys},
    title = {Cut Problems And Their Application To Divide-And-Conquer},
    booktitle = {Approximation Algorithms for NP-hard Problems},
    year = {1995}
}





@article{acy-2006,
   author = {James Aspnes and Kevin Chang and Aleksandr Yampolskiy},
   title = {Inoculation strategies for victims of viruses and the sum-of-squares partition problem},
   journal = {Journal of Computer and System Sciences},
   volume = {72},
   pages = {1077--1093},
   year = {2006}
}


@INPROCEEDINGS{ekln-2006,
    author = {Roee Engelberg and Jochen Könemann and Stefano Leonardi and Joseph Naor},
    title = {Cut problems in graphs with a budget constraint},
    booktitle = {In Proceedings of the 7th Latin American Theoretical Informatics Symposium},
    year = {2006},
    pages = {435--446}
}



@INPROCEEDINGS{arv-2009,
    author = {Sanjeev Arora and Satish Rao and Umesh Vazirani},
    title = {Expander Flows, Geometric Embeddings and Graph Partitioning},
    booktitle = {Journal of the ACM},
    year = {2009},
    pages = {5:1--5:37}
}


@article{lr-1999,
 author = {Leighton, Tom and Rao, Satish},
 title = {Multicommodity max-flow min-cut theorems and their use in designing approximation algorithms},
 journal = {Journal of the ACM},
 issue_date = {Nov. 1999},
 volume = {46},
 number = {6},
 month = nov,
 year = {1999},
 issn = {0004-5411},
 pages = {787--832},
 numpages = {46},
 url = {http://doi.acm.org/10.1145/331524.331526},
 doi = {10.1145/331524.331526},
 acmid = {331526},
 publisher = {ACM},
 address = {New York, NY, USA},
 keywords = {VLSI layout, approximation algorithms, divide and conquer, graph bisection, graph partitioning, maximum flow, minimum cut, muticommocity flow, routing},
} 

@INPROCEEDINGS{hkps-2005,
    author = {Ara Hayrapetyan and David Kempe and Martin Pál and Zoya Svitkina},
    title = {Unbalanced graph cuts},
    booktitle = {In Proc. 13th European Symp. on Algorithms},
    year = {2005}
}




@article{sp-1989,
   author = {Robert J. Shiller and John Pound},
   title = {{Survey Evidence on Diffusion of Interest and Information Among Investors}},
   journal = {Journal of Economic Behavior and Organization},
   volume = {12},
   pages = {47--66},
   year = {1989}
}




@article{bonacich-2007,
   author = {Phillip Bonacich},
   title = {{Some unique properties of eigenvector centrality}},
   journal = {Social networks},
   volume = {29},
   pages = {555--564},
   year = {2007}
}



@INPROCEEDINGS{kmrr-2010,
  author = {C. Kuhlman and M. Marathe and S. Ravi and D. Rosenkrantz},
  title = {{Exploiting Network Structure in Enhancing Diffusion of Complex Contagions}},
  booktitle = {Proceedings of the Analysis of Complex Networks (ACNE) Workshop of ECML PKDD 2010},
  month = {September},
  year = {2010},
  pages = {20--34},
  location = {Barcelona, Spain}
}


@Article{mm-2009,
  title = {Cycle Equivalence of Graph Dynamical Systems},
  author = {M. Macauley and H. Mortveit},
  journal = {Nonlinearity},
  volume = {22},
  number = {2},
  pages = {421--436},
  year = {2009}
}


@INCOLLECTION{ljmr-2009,
  author = {R. Laubenbacher and A. Jarrah and H. Mortveit and S. Ravi},
  title = {{A Mathematical Formalism for Agent-Based Modeling}},
  booktitle = {Encyclopedia of Complexity and System Science},
  publisher = {Springer},
  year = {2009},
  editor = {R. Meyers},
  pages = {160--176}
}




@inproceedings{pf-2009,
  author = {Alfred Park and Richard M. Fujimoto},
  title = {{Efficient Master/Worker Parallel Discrete Event Simulation}},
  booktitle = {(PADS 2009)},
  pages = {145--152},
  year = {2009}
}


@inproceedings{pf-2007,
 author = {Park, Alfred and Fujimoto, Richard},
 title = {A scalable framework for parallel discrete event simulations on desktop grids},
 booktitle = {(GRID~2007)},
 year = {2007},
 isbn = {978-1-4244-1559-5},
 pages = {185--192},
 numpages = {8},
 url = {http://dx.doi.org/10.1109/GRID.2007.4354132},
 doi = {10.1109/GRID.2007.4354132},
 acmid = {1513466},
 publisher = {IEEE Computer Society},
 address = {Washington, DC, USA},
} 



@inproceedings{perumalla-2005,
  author = {Kalyan S. Perumalla},
  title = {{$\mu$sik--A Micro-Kernel for Parallel/Distributed Simulation Systems}},
  booktitle = {(PADS 2005)},
  year = {2005}
}



@inproceedings{perumalla-2006,
  author = {Kalyan S. Perumalla},
  title = {{Parallel and Distributed Simulation:  Traditional Techniques and Recent Advances}},
  booktitle = {Proceedings of the 2006 Winter Simulation Conference (WSC 2006)},
  year = {2006}
}


@inproceedings{cp-2010,
  author = {Christopher D. Carothers and Kalyan S. Perumalla},
  title = {{On Deciding Between Conservative and Optimistic Approaches on Massively Parallel Platforms}},
  booktitle = {Proceedings of the 2010 Winter Simulation Conference (WSC 2010)},
  year = {2010}
}


@book{fujimoto-2000,
  author = {Richard M. Fujimoto},
  title  = {Parallel and Distributed Simulation Systems},
  year   = {2000},
  publisher = {Wiley-Interscience}
}




@article{cm-1979,
author = {K. Chandy and J. Misra},
title = {{Distributed Simulation:  A Case Study in Design and Verification of Distributed Systems}},
journal ={IEEE Transactions on Software Engineering},
volume = {SE-5},
year = {1979},
pages = {440--452}
}


@article{cm-1981,
 author = {Chandy, K. M. and Misra, J.},
 title = {Asynchronous distributed simulation via a sequence of parallel computations},
 journal = {Commun. ACM},
 issue_date = {April 1981},
 volume = {24},
 number = {4},
 month = apr,
 year = {1981},
 issn = {0001-0782},
 pages = {198--206},
 numpages = {9},
 url = {http://doi.acm.org/10.1145/358598.358613},
 doi = {10.1145/358598.358613},
 acmid = {358613},
 publisher = {ACM},
 address = {New York, NY, USA},
 keywords = {communicating sequential processes, deadlock, discrete event simulation, distributed systems, message-passing systems, parallel algorithms, recovery},
} 


@article{jefferson-1985,
author = {David Jefferson},
title = {{Virtual Time}},
journal ={ACM Transactions on Programming Languages and Systems},
volume = {7},
year = {1985},
pages = {404--425}
}


@article{cpf-1999,
author = {Christopher D. Carothers and Kalyan S. Perumalla and Richard M. Fujimoto},
title = {{Efficient Optimistic Parallel Simulations Using Reverse Computation}},
journal ={ACM Transactions on Modeling and Computer Simulation (TOMACS 1999)},
volume = {9},
year = {1999},
pages = {224--253}
}

@inproceedings{aps-2010,
  author = {Brandon G. Aaby and Kalyan S. Perumalla and Sudip K. Seal},
  title = {{Efficient Simulation of Agent-Based Models on Multi-GPU and Mult-Core Clusters}},
  booktitle = {SIMUTools 2010},
  year = {2010}
}

@inproceedings{pa-2008,
  author = {Kalyan S. Perumalla and Brandon G. Aaby},
  title  = {{Data Parallel Execution Challenges and Runtime Performance of Agent Simulations on GPUs}},
  booktitle = {(SpringSim 2008)},
  year = {2008}
}



@article{newman-2001b,
  author = {M. Newman},
  title  = {{The Structure of Scientific Collaboration Networks}},
  journal = {Proceedings of the Naitonal Academy of Sciences (PNAS)},
  volume  = {98},
  number  = {2},
  year = {2001},
  pages = {404--409},
}




@ARTICLE{clv-2003,
  author = {F. Chung and L. Lu and V. Vu},
  title = {{The Spectra of Random Graphs with Given Expected Degrees}},
  journal = {Internet Mathematics},
  year = {2003},
  volume = {1},
  pages = {257--275},
  number = {3}
}



@article{csn-2009,
  author = {A. Clauset and C. R. Shalizi and M. Newman},
  title  = {{Power-Law Distributions In Empirical Data}},
  journal = {SIAM Review},
  volume  = {51},
  year = {2009},
  pages = {661--703},
}




@ARTICLE{mop-1988,
  author = {G. Marwell and P. Oliver and R. Prahl},
  title = {{Social Networks and Collective Action: A Theory of the Critical Mass. III}},
  journal = {American Journal of Sociology},
  year = {1988},
  volume = {94},
  pages = {502--534}
}



@INPROCEEDINGS{fowler-2005,
  author = {J. Fowler},
  title = {{Turnout in a Small World}},
  booktitle = {Social Logistics of Politics},
  year = {2005},
  pages = {269--287},
  publisher = {Temple University Press}
}


@INPROCEEDINGS{bkmns-2011,
  author = {Richard Beckman and Chris J. Kuhlman and Achla Marathe and Elaine Nsoesie and Samarth Swarup},
  title = {{Modeling the Spread of Smoking in Adolescent Social Networks}},
  booktitle = {The Fall Research Conference of the Association for Public Policy Analysis and Management,
Advanced Simulation Approaches for Community Sustainability},
  year = {2011}
}



@book{zt-2005,
  author = {O. C. Zienkiewicz and R. L. Taylor},
  title  = {The Finite Element Method:  Its Basis and Fundamentals},
  year   = {2005},
  publisher = {Butterworth-Heinemann},
  edition = {6}
}


@INPROCEEDINGS{hkxma-2006,
  author = {M. Hybinette and E. Kraemer and Y. Xiong and G. Matthews and J. Ahmed},
  title = {{SASSY: A Design for Scalable Agent-Basd Simulation System Using a Distributed Discrete Event Infrastructure}},
  booktitle = {(WSC 2006)},
  year = {2006},
  pages = {926--933},
}
editor = {L. Perrone and  F. Wieland and J. Liu and B. Lawson and D. Nicol and R. Fujimoto}


@inproceedings{tpfkdo-2005,
  author = {Yarong Tang and Kalyan Perumalla Richard Fujimoto and Homa Karimabadi and Jonathan Driscoll and uri Omelchenko},
  title = {{Optimistic Parallel Discrete Event Simulation of Physical Systems Using Reverse Computations}},
  booktitle = {Proceedings of the 19th ACM/IEEE/SCS Workshop on Principles of Advanced and Distributed Simulation (PADS 2005)},
  year = {2005}
}


@article{bcl-1991,
author = {R. Bagrodia and K. M. Chandy and Wen Toh Liao},
title = {{A Unified Framework for Distributed Simulation}},
journal ={ACM Transactions on Modeling and Computer Simulation (TOMACS 1991)},
volume = {1},
pages = {348--385},
year = {1991}
}


@inproceedings{rr-2003,
  author = {Patrick F. Riley and George F. Riley},
  title = {{SPADES--A Distributed Agent Simulation Environment with Software-in-the-Loop Execution}},
  booktitle = {(WSC 2003)},
  pages = {817--825},
  year = {2003}
}

@inproceedings{gvh-2003,
  author = {Brian P. Gerkey and Richard T. Vaughan and Andrew Howard},
  title = {{The Player/Stage Project:  Tools for Multi-Robot and Distributed Sensor Systems}},
  booktitle = {(ICAR 2003)},
  pages = {317--323},
  year = {2003}
}


@INPROCEEDINGS{bcfm-2010,
  author = {K. Bisset and J. Chen and X. Feng and Y. Ma and M. Marathe},
  title = {{Indemics: an Interactive Data Intensive Framework for High Performance Epidemic Simulation}},
  booktitle = {(ICS 2010)},
  year = {2010},
  pages = {233--242}
}


@inproceedings{csm-2010,
  author = {Wai Kin Victor Chan},
  title = {{Agent-Based Simulation Tutorial--Simulation of Emergent Behavior and Differences Between Agent-Based Simulation and Discrete Event Simulation}},
  booktitle = {Proceedings of the 2010 Winter Simulation Conference (WSC 2010)},
  pages = {135--150},
  year = {2010}
}


@INPROCEEDINGS{acdkkls-2009,
   author = {Andrea Apolloni and Karthik Channakeshava and Lisa Durbeck and Maleq Khan and Chris J. Kuhlman and Bryan Lewis and Samarth Swarup},
   title = {{A Study of Information Diffusion over a Realistic Social Network Model}},
    booktitle={ICCS 2009, held in conjunction with the IEEE International Conference on Social Computing (SocialCom 2009)},
   pages = {675--682},
   year = {2009}
}


@techreport{mh-2008,
    author    = {T. Miller and D. Hendrie},
    title     = {{Substance Abuse Prevention Dollars and Cents: A Cost-Benefit Analysis}},
    institution = {Center for Substance Abuse Prevention, Substance Abuse and Mental Health Services Administration},
    number   = {DHHS Pub. No. (SMA) 07-4298},
    address  = {Rockville, MD},
    year      = {2008}
}



@techreport{ondcp-2004,
    author    = {{Office of National Drug Control Policy}},
    title     = {{The Economic Costs of Drug Abuse in the United States, 1992-2002}},
    institution = { Executive Office of the President},
    number   = {Publication No. 207303},
    address  = {Washington, DC},
    year      = {2004}
}



@article{mvaal-2012,
author = {David Murrugarra and Alan Veliz-Cuba and Boris Aguilar and Seda Arat and Reinhard Laubenbacher},
title = {{Modeling stochasticity and variability in gene regulatory networks}},
journal ={EURASIP Journal on Bioinformatics and Systems Biology},
volume = {2012:5},
year = {2012}
}


@article{irons-2009,
author = {D. J. Irons},
title = {{Logical analysis of the budding yeast cell cycle}},
journal ={Journal of Theoretical Biology},
volume = {257},
 pages = {543--559},
year = {2009}
}


@article{lhsy-2006,
author = {Harri Lahdesmaki and Sampsa Hautaniemi and Ilya Shmulevich and Olli Yli-Harja},
title = {{Relationships between probabilistic Boolean networks and dynamic Bayesian networks as models of gene regulatory networks}},
journal ={Signal Processing},
volume = {86},
 pages = {814--834},
year = {2006}
}



@article{sdkz-2002,
author = {Ilya Shmulevich and Edward R. Dougherty and Seungchan Kim and Wei Zhang},
title = {{Probabilistic Boolean networks:  a rule-based uncertainty model for gene regulatory networks}},
journal ={Bioinformatics},
volume = {18},
 pages = {261--274},
year = {2002}
}


@misc{fm-2007,
  author    = {S. Finbow and G. MacGillivray},
  title     = {{The Firefighter Problem:  A survey of results, directions and questions}},
  note      = {manuscript},
  year = {2007}
}



@inproceedings{hartnell-1995,
   author = {B. L. Hartnell},
   title = {{Firefighter!  An application of domination}},
    booktitle={25th Manitoba Conference on Combinatorial Mathematics and Computing},
   year = {1995}
}

@article{fkmr-2007},
author = {Stephen Finbow and Andrew King and Gary MacGillivray and Romeo Rizzi},
title = {{The firefighter problem on graphs of maximum degree three}},
journal ={Discrete Mathematics},
volume = {307},
pages = {2094--2105},
year = {2007}
}


@article{hl-2000},
author = {B. Hartnell and Q. Li},
title = {{Firefighting on trees:  How bad is the greedy algorithm}},
journal ={Congr. Numer.},
volume = {145},
year = {2000}
}

@inproceedings{cvy-2008,
   author = {Leizhen Cai and Elad Verbin and Lin Yang},
   title = {{Firefighting on Trees (1-1/e)-Approximation, Fixed Parameter Tractibility and Subexponential Algorithm}},
    booktitle={Proceedings of the Conference of the International 
  Society for Augmentative and Alternative Communication (ISAAC 2008)},
   volume = {5369},
   pages = {258--269},
   year = {2008}
}

@article{mw-2003},
author = {Gary MacGillivray and P. Wang},
title = {{On The Firefighter Problem}},
journal ={Journal of Combinatorial Mathematics and Combinatorial Computing (JCMCC 2003)},
volume = {47},
year = {2003}
}



@inproceedings{cc-2010,
   author = {Parinya Chalermsook and Julia Chuzhoy},
   title = {{Resource Minimization for Fire Containment}},
    booktitle={Proceedings of the Twenty-First Annual ACM-SIAM Symposium on Discrete Algorithms (SODA 2010)},
   volume = {5369},
   pages = {1334-1349},
   year = {2008}
}


@inproceedings{ccpv-2007,
   author = {Gruia Calinescu and Chandra Chekuri and Martin alx Jan Vondrak},
   title = {{Maximizing a Monotone Submodular Function
subject to a Matroid Constraint}},
    booktitle={SIAM Journal on Computing},
   volume = {40},
   year = {2011}
}


@article{fnw-1978},
author = {M. L. Fisher and G. L. Nemhauser and L. A. Wosley},
title = {{An Analysis of Approximations for Maximizing Submodular Functions--II}},
journal ={Mathematical  Programming Study},
volume = {8},
pages = {73--87},
year = {1978}
}



@article{nwf-1978},
author = {G. L. Nemhauser and L. A. Wosley and M. L. Fisher},
title = {{An Analysis of Approximations for Maximizing Submodular Functions}},
journal ={Mathematical  Programming Study},
volume = {14},
pages = {265--294},
year = {1978}
}


@article{newman-2005b,
  author = {M. E. J. Newman},
  title  = {{Threshold effects for two pathogens spreading on a network}},
  journal = {Physical Review Letters},
  volume  = {95},
  number  = {},
  year = {2005},
  pages = {108701-1--108701-5},
}




@article{pbf-2012,
    author = {Ricardo Pinho and Elhanan Borenstein and Marcus W. Feldman},
    title = {Most Networks in Wagner's Model Are Cycling},
    journal = {PLoS ONE},
    year = {2012},
    volume = {7},
    pages = {e34285-1--e34285-8}
}


@article{wagner-1994,
  author = {Andreas Wagner},
  title  = {{Evolution of Gene Networks by Gene Duplications:  A Mathematical Model and its Implications on Genome Organization}},
  journal = {Proceedings of the National Academy of Sciences (PNAS)},
  volume  = {91},
  year = {1994},
  pages = {4387--4391},
}


@INPROCEEDINGS{ksom-2012,
  author = {Masahiro Kimura and Kazumi Saito and  Kouzou Ohara and Hiroshi Motoda},
  title = {{Opinion Formation by Voter Model with Temporal Decay Dynamics}},
  booktitle = {Proceedings of the European Conference on Machine Learning and Principles and Practice of Knowledge Discovery in Databases (PKDD 2012)},
  year = {2012},
  pages = {565--580}
}

@article{bmbl-2009,
    author = {Stephen P. Borgatti and Ajay Mehra and Daniel J. Brass and Giuseppe Labianca},
    title = {Network Analysis in the Social Sciences},
    journal = {Science},
    year = {2000},
    volume = {323},
    pages = {892--895}
}

@article{kitts-2000,
author = {J. Kitts},
title = {{Mobilizing in Black Boxes:  Social Networks and SMO Participation}},
journal ={Mobilization},
volume = {5},
year = {2000},
pages = {241--257}
}


@BOOK{west:book-2001,
  title = {An Introduction to Graph Theory},
  publisher = {Prentice Hall},
  year = {2001},
  author = {Douglas B. West},
  address = {Upper Saddle River, NJ}
}



@ARTICLE{ws-1998,
  author = {Duncan J. Watts and Steven H. Strogatz},
  title = {Collective Dynamics of `Small-World' Networks},
  journal = {Nature},
  year = {1998},
  volume = {393},
  pages = {440--442}
}

@book{gladwell-2002,
  author = {Malcolm Gladwell},
  title  = {The Tipping Ponit:  How Little Things Can Make a Big Difference},
  year   = {2002},
  publisher = {Back Bay Books}
}


@misc{kkkmmrr-2013,
  author    = {C. J. Kuhlman and Maleq Khan and
               V. S. Anil~Kumar and
               M. V. Marathe and Henning S. Mortveit and 
               S. S. Ravi and
               D. J. Rosenkrantz},
  title     = {{High Performance Modeling Environment for Social Contagion Dynamics}},
  year      = {2013},
  note      = {Technical Report.},
  howpublished = {\url{ http://ndssl.vbi.vt.edu/supplementary-info/ics2013/tr-main.pdf}}
}



@article{mcadam-1983,
  author = {Doug McAdam},
  title = {{Tactical Innovation and the Pace of Insurgency}},
  journal = {American Sociological Review},
  volume = {48},
  pages = {735--754},
  year = {1983}
}

@article{gpv-2011,
  author = {Bruno Goncalves and Nicola Perra and Alessandro Vespignani},
  title = {{Modeling Users' Activity on Twitter Networks:  Validation of Dunbar's Number}},
  journal = {PLoS ONE},
  volume = {6},
  pages = {e22656-1--e22656-5},
  year = {2011}
}



@article{king:apsr-2013,
    author = {Gary King and Jennifer Pan and Margaret Roberts},
    title = {How Censorship in China Allows Government
Criticism but Silences Collective Expression},
    journal = {American Political Science Review},
    volume = {107},
    year = {2013},
    pages = {326--343}
}


@article{valenzuela:jc-2012,
    author = {Sebastian Valenzuela and Arturo Arriagada and Andres Scherman},
    title = {The Social Media Basis of Youth Protest
Behavior: The Case of Chile},
    journal = {Journal of Communication},
    volume = {62},
    year = {2012},
    pages = {299--314}
}

@misc{shorenstein:harvard2014,
  author    = {{Shorenstein Center on Media, Politics, and Public Policy}},
  title     = {Global protest, technology and social media: Research roundup},
  year      = {2014}
}
note      = {See more at: {\url{http://journalistsresource.org/studies/international/global-tech/global-protests-social-media-research-roundup#sthash.BmkddAGb.dpuf}}},
  howpublished = {\url{http://journalistsresource.org/studies/international/global-tech/global-protests-social-media-research-roundup#}}



@article{lim:jc-2012,
    author = {Merlyna Lim},
    title = {Clicks, Cabs, and Coffee Houses: Social Media
and Oppositional Movements in Egypt,
2004?2011},
    journal = {Journal of Communication},
    volume = {62},
    year = {2012},
    pages = {231--248}
}


@book{friedman:book-1989,
  author = {Thomas Friedman},
  title  = {From Beirut to Jerusalem},
  year   = {1989},
  publisher = {Anchor Books}
}



@incollection{wright:blackwell-2001,
  author = {Stephen C. Wright},
  title  = {Strategic collective action: Social psychology and social change},
  booktitle = {Blackwell handbook of social psychology, Vol. 4: Intergroup
processes},
  editor = {R. Brown and S. Gaertner},
  chapter = {20},
  publisher = {Blackwell Press, Oxford, England},
  year = {2001},
  pages = {409--430}
}



@article{dalton:bjps-2010,
    author = {Russel Dalton and Alix Van Sickle and Steven Weldon},
    title = {The Individual?Institutional Nexus of Protest
Behaviour},
    journal = {British Journal of Political Science},
    volume = {40},
    year = {2010},
    pages = {51--73}
}

@book{piven:book-1977,
  author = {Frances Fox Piven and Richard A. Cloward},
  title  = {Poor People's Movements:  Why They Succeed, How They Fail},
  year   = {1977},
  publisher = {Pantheon Books}
}


@article{lysenko:tfsc-2012,
  author = {Volodymyr V. Lysenko and Kevin C. Desouza},
  title  = {{Moldova's Internet Revolution:  Analyzing the Role of Techologies in Various Phases of the Confrontation}},
  journal = {Technological Forecasting \& Social Change},
  volume  = {79},
  year = {2012},
  pages = {341--361}
}


@article{lysenko:tfsc-2010,
  author = {Volodymyr V. Lysenko and Kevin C. Desouza},
  title  = {{Cyberprotest in Contemporary Russia:  The Cases of Ingushetiya.ru and Bakhmina.ru}},
  journal = {Technological Forecasting \& Social Change},
  volume  = {77},
  year = {2010},
  pages = {1179--1193}
}



@article{lysenko:tfsc-2010b,
  author = {Volodymyr V. Lysenko and Kevin C. Desouza},
  title  = {{The Role of Internet-Based Information Flows and Technologies in Electoral Revolutions:  The Case of Ukraine's Orange Revolution}},
  journal = {First Monday},
  volume  = {15},
  year = {2010}
}

@book{stearns:book-1974,
  title = {1848: The Revolutionary Tide in Europe},
  publisher = {W. W. Norton \& Company},
  year = {1974},
  author = {P. Stearns},
  address = {New York, NY}
}

@book{thompson:book-2001,
  title = {A History of South Africa},
  publisher = {Yale University Press},
  edition = {3},
  year = {2001},
  author = {Leonard Thompson},
  address = {New Haven, CT}
}


@ARTICLE{lohmann:wp-1994,
  author = {Susanne Lohmann},
  title = {The Dynamics of Informational Cascades: The Monday Demonstrations in Leipzig, East Germany, 1989-91},
  journal = {World Politics},
  year = {1994},
  volume = {47},
  pages = {502--534}
}

@incollection{anonymous:2013,
  author = {Anonymous},
  title = {Gezi puts its mark on EU Progress Report},
  booktitle = {Daily News},
  year = {2013},
  date = {{16 October 2013}},
  howpublished = {{\url{http://www.hurriyetdailynews.com/gezi-puts-its-mark-on-eu-progress-report.aspx?pageID=238&nID=56306&NewsCatID=338}}}
}

@incollection{arsu:nytimes-2014,
  author = {Sebnem Arsu and Ceylan Yeginsu},
  title = {Turkish Protestors Defy Government's May Day Ban},
  booktitle = {New York Times},
  year = {2014},
  date = {{01 May 2014}},
  howpublished = {{\url{http://www.nytimes.com/2014/05/02/world/europe/protesters-defy-government-ban-on-may-day-demonstrations-in-turkey.html?_r=0}}}
}

was tpeff-2012
@INPROCEEDINGS{tong:cikm-2012,
  author = {Hanghang Tong and B. Aditya Prakash and Tina Eliassi-Rad and Michalis
	Faloutsos and Christos Faloutsos},
  title = {Gelling, and Melting, Large Graphs by Edge Manipulation},
  booktitle = {Proc. CIKM},
  year = {2012},
  pages = {245--254}
}


@incollection{mockerie:cra1979,
  author = {Parmenas Githendu Mockerie},
  title  = {An African Speaks for His People},
  booktitle = {Colonial Rule in Africa},
  editor = {Bruce Fetter},
  chapter = {73},
  publisher = {University of Wisconsin Press},
  year = {1979},
  pages = {187--190}
}


@INPROCEEDINGS{prakash:icdm-2011,
  author = {B. Aditya Prakash and Deepayan Chakrabarti and Michalis Faloutsos
	and Nicholas Valler and Christos Faloutsos},
  title = {{Threshold Conditions for Arbitrary Cascade Models on Arbitrary Graphs}},
  booktitle = {Proc. ICDM},
  year = {2011},
  pages = {537--546}
}




@article{kuhlman:jdmkd-2014,
  author = {Chris J. Kuhlman and V. S. Anil Kumar and Madhav V. Marathe and S. S. Ravi and D. J. Rosenkrantz},
  title = {Inhibiting Diffusion of Complex Contagions in Social Networks: Theoretical and Experimental Results},
  journal = {Data Mining and Knowledge Discovery},
  year = {2014}
}

@book{watson:book-2010,
  author = {Bruce Watson},
  title  = {{Freedom Summer}},
  year   = {2010},
  publisher = {Viking}
}

@misc{amnesty:2013,
  author = {{Amnesty International}},
  title  = {Gezi Park Protests:  Brutal Denial of the Right to Peaceful Assembly in Turkey},
  year = {2013}
}


@article{bennet:ics-2012,
  author = {W. Lance Bennett and Alexandra Segerberg},
  title = {The Logic of Connective Action},
  journal = {Information, Communication \& Society},
  volume = {15},
  pages = {739-768},
  year = {2012}
}

@article {bimber:ct-2005,
author = {Bimber, Bruce and Flanagin, Andrew J. and Stohl, Cynthia},
title = {Reconceptualizing Collective Action in the Contemporary Media Environment},
journal = {Communication Theory},
volume = {15},
number = {4},
publisher = {Blackwell Publishing Ltd},
issn = {1468-2885},
url = {http://dx.doi.org/10.1111/j.1468-2885.2005.tb00340.x},
doi = {10.1111/j.1468-2885.2005.tb00340.x},
pages = {365--388},
year = {2005},
}




@book{earl:book-2011,
  author = {Jennifer Earl and Katrina Kimport},
  title  = {Digitally Enabled Social Change: Activism in the Internet Age},
  year   = {2011},
  publisher = {MIT Press}
}

@misc{roberts:bcis-2011,
  author = {Hal Roberts and Ethan Zuckerman and Robert Faris and Jillian York and John Palfrey},
  title  = {The Evolving Landscape of Internet Control},
  year = {2011}
}

@incollection{fathi:shorenstein-2012,
  author = {Nazila Fathi},
  title  = {Dispatches From an Unfinished Uprising:  The Role of Technology in the 2009 Iranian Protest Movement},
  booktitle = {Joan Shorenstein Center on the Press, Politics, and Public Policy},
  year = {2012}
}



@book{chen:book-2013,
  author = {Wei Chen and Laks V. S. Lakshmanan and Carlos Castillo},
  title  = {Information and Influence Propagation in Social Networks},
  year   = {2013},
  publisher = {Morgan \& Claypool Publishers}
}

@article{kuhlman:jdmkd-2015,
  author = {Chris J. Kuhlman and V. S. Anil Kumar and Madhav V. Marathe and S. S. Ravi and Daniel J. Rosenkrantz},
  title = {Inhibiting Diffusion of Complex Contagions in Social Networks:  Theoretical and Experimental Results},
  journal = {Journal of Data Mining and Knowledge Discovery},
  volume = {29},
  pages = {423--465},
  year = {2015}
}


@inproceedings{kuhlman:icdm-2013,
  author = {Chris J. Kuhlman and Gaurav Tuli and Madhav V. Marathe and S. S. Ravi and S. Swarup},
  title  = {Blocking Simple and Complex Contagion by Edge Removal},
  booktitle = {Proceedings of the 13th IEEE Conference on Data Mining (ICDM~2013)},
  year = {2013}
}





@article{kramer:pnas-2014,
  author = {Adam D. I. Kramer and Jamie E. Guillory and Jeffrey T. Hancock},
  title  = {Experimental evidence of massive-scale emotional contagion through social networks},
  journal = {Proceedings of the National Academy of Sciences (PNAS)},
  volume  = {111},
  number  = {29},
  pages = {8788--8790},
  year = {2014}
}


@article{cozzo:pre-2013,
 author = {Emanuele Cozzo and Raquel A. Banos and Sandro Meloni and Yamir Moreno},
 title = {Contact-Based Social Contagion in Multiplex Networks},
 journal = {Physical Review E},
 volume = {88},
 number = {},
 pages = {050801-1--050801-5},
 year = {2013}
}

@article{animosa:ys-2015,
  author = {Lydia Honesty Animosa and Sarah Lindstrom Johnson and Tina L. Cheng},
  title  = {``I Used to Be Wild'': Adolescent Perspectives on the Influence of Family, Peers, School, 
and Neighborhood on Positive Behavioral Transition},
  journal = {Youth \& Society},
  pages   = {1--26},
  year    = {2015}
}


@article{gaviria:res-2001,
  author = {Alejandro Gaviria and Steven Raphael},
  title  = {School-Based Peer Effects and Juvenile Behavior},
  journal = {The Review of Economics and Statistics},
  volume = {83},
  pages   = {257--268},
  year    = {2001}
}


@article{li:sum-2012,
  author = {Jianghong Li and Margaret R. Weeks and Stephen P. Borgatti and Scott Clair and Julia Dickson-Gomez},
  title  = {A Social Network Approach to Demonstrate the Diffusion and Change Process of Intervention From Peer Health Advocates to the Drug Using Community},
  journal = {Substance Use \& Misuse},
  volume  = {47},
  pages = {474--490},
  year = {2012}
}


@article{valente:science-2012,
  author = {Thomas W. Valente},
  title = {Network Interventions},
  journal = {Science},
  volume = {337},
  pages = {49--53},
  year = {2012}
}



@article{burt:ajs-1987,
  author = {Ronald S. Burt},
  title  = {Social Contagion and Innovation: Cohesion versus Structural Equivalence},
  journal = {American Journal of Sociology},
  volume  = {92},
  pages = {1287--1335},
  year = {1987}
}


@article{goode:wsj-2015,
   author = {Erica Goode and Benedict Carey},
   title = {Mass Killings are Seen as a Type of Contagion},
   journal = {Wall Street Journal},
   url = {http://www.nytimes.com/2015/10/08/science/mass-killers-often-rely-on-past-perpetrators-blueprints.html?hpw&rref=science&action=click&pgtype=Homepage&module=well-region&region=bottom-well&WT.nav=bottom-well&_r=0},
   note = {07 October 2015},
   year = {2015}
}



.
@article{foulk:jap-2015,
   author = {Trevor Foulk and Andrew Woolum and Amir Erez},
   title = {Catching Rudeness Is Like Catching a Cold:  The Contagion Effects of Low-Intensity Negative Behaviors},
   journal = {Journal of Applied Psychology},
   year = {2015}
}


@article{crovitz:wsj-2015,
   author = {L. Gordon Cravitz},
   title = {China Censors Your Intenet},
   journal = {Wall Street Journal Editorial},
   note = {02 Novemer 2015},
   year = {2015}
}


@article{chkss-2007,
  author = {S. Carmi and S. Havlin and S. Kirkpatrick and 
            Y. Shavitt and E. Shir},
  title  = {{A Model of Internet Topology using $k$-Shell Decomposition}},
  journal = {Proceedings of the National Academy of Sciences (PNAS)},
  volume  = {104},
  number  = {27},
  year = {2007},
  pages = {1150--1154},
}


@article{lum:jrsi-2014,
  author = {Kristian Lum and Samarth Swarup and Stephen Eubank and James Hawdon},
  title  = {The contagious nature of
imprisonment: an agent-based model to
explain racial disparities in incarceration rates},
  journal = {Journal of the Royal Society Interface},
  volume  = {11},
  pages = {20140409-1--20140409-12},
  year = {2014}
}


@article{rozin:pspr-2001,
  author = {Paul Rozin and Edward B. Royzman},
  title  = {Negativity Bias, Negativity Dominance, and Contagion},
  journal = {Personality and Social Psychology Review},
  volume  = {5},
  pages = {296--320},
  year = {2001}
}

@article{barone:time-2015,
  author = {Emily Barone},
  title  = {Which Countries Censor the Internet?},
  journal = {Time Magazine},
  volume  = {23 November},
  pages = {36},
  year = {2015}
}

@book{kelly:freedom-house-2015,
  author = {Sanja Kelly and Madeline Earp and Laura Reed and Adrian Shahbaz and Mai Truong},
  title  = {Freedom on the Net 2015:  Privatizing Censorship, Eroding Privacy},
  year   = {2015},
  publisher = {Freedom House}
}


@book{dunham:freedom-house-2015,
  author = {Jennifer Dunham and Bret Nelson and Elen Aghekyan},
  title  = {Press Freedom in 2014:  Harsh Laws and Violence Drive Global Decline},
  year   = {2015},
  publisher = {Freedom House}
}


@book{mcneill:book-1963,
  author = {William H. McNeill},
  title  = {The Rise of the West:  A History of the Human Community},
  year   = {1963},
  publisher = {University of Chicago Press}
}

@article{foreman:wsj-2015,
   author = {Amanda Foreman},
   title = {Drinks Spiked With Revolutionary Ideas},
   journal = {Wall Street Journal},
   note = {05-06 December 2015},
   year = {2015}
}

@book{angelou:book-1969,
  author = {Maya Angelou},
  title = {I Know Why the Caged Bird Sings},
  year = {1969},
}
  publisher = {Ballantine},


@book{anderson:book-2001,
  author = {Fred Anderson},
  title = {Crucible of War: The Seven Years' War and the Fate of Empire in British North America, 1754-1766},
  publisher = {Vintage},
  year = {2001},
}


@book{smith:book-1969,
  author = {Goldwin Albert Smith},
  title = {A History of England},
  edition={3},
  publisher = {Scribner},
  year = {1969}
}


@book{tuchman:book-1988,
  author = {Barbara W. Tuchman},
  title = {First Salute},
  publisher = {Alfred A. Knopf},
  year = {1988}
}


@book{morgan:book-2003,
  author = {Edmond Morgan},
  title = {American Slavery, American Freedom},
  publisher = {W. W. Norton and Company},
  year = {2003}
}


@book{morgan:book-2012,
  author = {Edmond Morgan},
  title = {The Birth of the Republic, 1763-89},
  publisher = {University of Chicago Press},
  edition={4},
  year = {2012}
}



@book{morgan:book-1989,
  author = {Edmond Morgan},
  title = {Inventing the People: The Rise of Popular Sovereignty in England and America},
  publisher = {W. W. Norton and Company},
  year = {1989}
}
  edition={4},




@article{levin:wsj-2016,
  author = {Ned Levin and Fiona Law},
  title = {Hong Kong Fears Free-Speech Loss},
  journal = {Wall Street Journal},
  note = {07 January 2016},
  year = {2016}
}

@book{macgregor:book-2011,
  author = {Neil MacGregor},
  title = {A History of the World in 100 Objects},
  publisher = {Viking},
  year = {2011}
}

@article{beech:time-2015,
  author    = {Hannah Beech},
  title     = {Is {C}nina kidnapping its critics?},
  journal   = {Time Magazine},
  date    = {01 February 2016},
  year      = {2015},
  pages     = {46--50}
}

@article{parkinson:wsj-16feb2016,
  author = {Joe Parkinson and Nicholas Bariyo},
  title = {Longtime {U}ganda President Runs on Hard Line},
  journal = {Wall Street Journal},
  note = {16 February 2016},
  year = {2016}
}


@article{bariyo:wsj-19feb2016,
  author = {Nicholas Bariyo and Heidi Vogt},
  title = {{U}ganda Election Draws Scrutiny},
  journal = {Wall Street Journal},
  note = {19 February 2016},
  year = {2016}
}



@book{kinzer:book-2006,
  author = {Stephen Kinzer},
  title = {Overthrow: America's Century of Regime Change from Hawaii to Iraq},
  publisher = {Times Books},
  year = {2006}
}

@book{kinzer:book-2013,
  author = {Stephen Kinzer},
  title = {The Brothers: John Foster Dulles, Allen Dulles, and Their Secret World War},
  publisher = {Times Books},
  year = {2013}
}



@article{manore:jtb-2014,
  author = {Carrie A. Manore and Kyle S. Hickmann and Sen Xu and Helen J. Wearing and James M. Hyman},
  title = {Comparing dengue and chikungunya emergence and endemic transmission in A. aegypti and A. albopictus},
  journal = {Journal of Theoretical Biology},
  volume = {356},
  pages = {174--191},
  year = {2016}
}


